{
    "id": 26,
    "name": "Neteja i llar",
    "layout": 2,
    "categories": [
        {
            "id": 226,
            "name": "Detergent i suavitzant roba",
            "layout": 1,
            "products": [
                {
                    "id": "40404",
                    "limit": 1000,
                    "badges": {
                        "is_water": false,
                        "requires_age_check": false
                    },
                    "packaging": "Ampolla",
                    "thumbnail": "https://prod-mercadona.imgix.net/20190521/04/40404/vlc1/40404_00_02.jpg?fit=crop&h=206&w=206",
                    "display_name": "Detergent roba blanca i de color Bosque Verde en gel concentrat",
                    "bunch_selector": false,
                    "price_instructions": {
                        "iva": 21,
                        "is_new": false,
                        "is_pack": false,
                        "pack_size": null,
                        "unit_name": "rentades",
                        "unit_size": 0.81,
                        "bulk_price": "4.01",
                        "unit_price": "3.25",
                        "approx_size": false,
                        "size_format": "l",
                        "total_units": 27,
                        "unit_selector": true,
                        "bunch_selector": false,
                        "drained_weight": null,
                        "price_decreased": false,
                        "reference_price": "0.12",
                        "min_bunch_amount": 1.0,
                        "reference_format": "lv",
                        "increment_bunch_amount": 1.0
                    }
                },
                {
                    "id": "40742",
                    "limit": 1000,
                    "badges": {
                        "is_water": false,
                        "requires_age_check": false
                    },
                    "packaging": "Ampolla",
                    "thumbnail": "https://prod-mercadona.imgix.net/20190521/42/40742/vlc1/40742_00_02.jpg?fit=crop&h=206&w=206",
                    "display_name": "Suavitzant roba Flor original concentrat",
                    "bunch_selector": false,
                    "price_instructions": {
                        "iva": 21,
                        "is_new": false,
                        "is_pack": false,
                        "pack_size": null,
                        "unit_name": "rentades",
                        "unit_size": 1.656,
                        "bulk_price": "1.78",
                        "unit_price": "2.95",
                        "approx_size": false,
                        "size_format": "l",
                        "total_units": 72,
                        "unit_selector": true,
                        "bunch_selector": false,
                        "drained_weight": null,
                        "price_decreased": false,
                        "reference_price": "0.037",
                        "min_bunch_amount": 1.0,
                        "reference_format": "lv",
                        "increment_bunch_amount": 1.0
                    }
                },
                {
                    "id": "40164",
                    "limit": 1000,
                    "badges": {
                        "is_water": false,
                        "requires_age_check": false
                    },
                    "packaging": "Ampolla",
                    "thumbnail": "https://prod-mercadona.imgix.net/20190521/64/40164/vlc1/40164_00_02.jpg?fit=crop&h=206&w=206",
                    "display_name": "Detergent roba Ariel original líquid",
                    "bunch_selector": false,
                    "price_instructions": {
                        "iva": 21,
                        "is_new": false,
                        "is_pack": false,
                        "pack_size": null,
                        "unit_name": "rentades",
                        "unit_size": 1.65,
                        "bulk_price": "4.04",
                        "unit_price": "6.67",
                        "approx_size": false,
                        "size_format": "l",
                        "total_units": 30,
                        "unit_selector": true,
                        "bunch_selector": false,
                        "drained_weight": null,
                        "price_decreased": false,
                        "reference_price": "0.22",
                        "min_bunch_amount": 1.0,
                        "reference_format": "lv",
                        "increment_bunch_amount": 1.0
                    }
                },
                {
                    "id": "40455",
                    "limit": 1000,
                    "badges": {
                        "is_water": false,
                        "requires_age_check": false
                    },
                    "packaging": "Ampolla",
                    "thumbnail": "https://prod-mercadona.imgix.net/20190521/55/40455/vlc1/40455_00_02.jpg?fit=crop&h=206&w=206",
                    "display_name": "Detergent roba peces delicades Bosque Verde líquid concentrat",
                    "bunch_selector": false,
                    "price_instructions": {
                        "iva": 21,
                        "is_new": false,
                        "is_pack": false,
                        "pack_size": null,
                        "unit_name": "rentades",
                        "unit_size": 1.0,
                        "bulk_price": "2.75",
                        "unit_price": "2.75",
                        "approx_size": false,
                        "size_format": "l",
                        "total_units": 45,
                        "unit_selector": true,
                        "bunch_selector": false,
                        "drained_weight": null,
                        "price_decreased": false,
                        "reference_price": "0.061",
                        "min_bunch_amount": 1.0,
                        "reference_format": "lv",
                        "increment_bunch_amount": 1.0
                    }
                },
                {
                    "id": "40410",
                    "limit": 1000,
                    "badges": {
                        "is_water": false,
                        "requires_age_check": false
                    },
                    "packaging": "Ampolla",
                    "thumbnail": "https://prod-mercadona.imgix.net/20190521/10/40410/vlc1/40410_00_02.jpg?fit=crop&h=206&w=206",
                    "display_name": "Detergent roba flors del paradís Bosque Verde en gel concentrat",
                    "bunch_selector": false,
                    "price_instructions": {
                        "iva": 21,
                        "is_new": false,
                        "is_pack": false,
                        "pack_size": null,
                        "unit_name": "rentades",
                        "unit_size": 0.81,
                        "bulk_price": "4.01",
                        "unit_price": "3.25",
                        "approx_size": false,
                        "size_format": "l",
                        "total_units": 27,
                        "unit_selector": true,
                        "bunch_selector": false,
                        "drained_weight": null,
                        "price_decreased": false,
                        "reference_price": "0.12",
                        "min_bunch_amount": 1.0,
                        "reference_format": "lv",
                        "increment_bunch_amount": 1.0
                    }
                },
                {
                    "id": "40443",
                    "limit": 1000,
                    "badges": {
                        "is_water": false,
                        "requires_age_check": false
                    },
                    "packaging": "Ampolla",
                    "thumbnail": "https://prod-mercadona.imgix.net/20190521/43/40443/vlc1/40443_00_02.jpg?fit=crop&h=206&w=206",
                    "display_name": "Detergent roba pells sensibles Bosque Verde líquid",
                    "bunch_selector": false,
                    "price_instructions": {
                        "iva": 21,
                        "is_new": false,
                        "is_pack": false,
                        "pack_size": null,
                        "unit_name": "rentades",
                        "unit_size": 2.0,
                        "bulk_price": "2.00",
                        "unit_price": "3.99",
                        "approx_size": false,
                        "size_format": "l",
                        "total_units": 66,
                        "unit_selector": true,
                        "bunch_selector": false,
                        "drained_weight": null,
                        "price_decreased": false,
                        "reference_price": "0.060",
                        "min_bunch_amount": 1.0,
                        "reference_format": "lv",
                        "increment_bunch_amount": 1.0
                    }
                },
                {
                    "id": "40439",
                    "limit": 1000,
                    "badges": {
                        "is_water": false,
                        "requires_age_check": false
                    },
                    "packaging": "Ampolla",
                    "thumbnail": "https://prod-mercadona.imgix.net/20190521/39/40439/vlc1/40439_00_02.jpg?fit=crop&h=206&w=206",
                    "display_name": "Detergent roba higiene Bosque Verde en gel",
                    "bunch_selector": false,
                    "price_instructions": {
                        "iva": 21,
                        "is_new": false,
                        "is_pack": false,
                        "pack_size": null,
                        "unit_name": "rentades",
                        "unit_size": 2.025,
                        "bulk_price": "2.30",
                        "unit_price": "4.65",
                        "approx_size": false,
                        "size_format": "l",
                        "total_units": 27,
                        "unit_selector": true,
                        "bunch_selector": false,
                        "drained_weight": null,
                        "price_decreased": false,
                        "reference_price": "0.17",
                        "min_bunch_amount": 1.0,
                        "reference_format": "lv",
                        "increment_bunch_amount": 1.0
                    }
                },
                {
                    "id": "40400",
                    "limit": 1000,
                    "badges": {
                        "is_water": false,
                        "requires_age_check": false
                    },
                    "packaging": "Ampolla",
                    "thumbnail": "https://prod-mercadona.imgix.net/20190521/00/40400/vlc1/40400_00_02.jpg?fit=crop&h=206&w=206",
                    "display_name": "Detergent roba frescor Vernel Wipp Express líquid",
                    "bunch_selector": false,
                    "price_instructions": {
                        "iva": 21,
                        "is_new": false,
                        "is_pack": false,
                        "pack_size": null,
                        "unit_name": "rentades",
                        "unit_size": 1.8,
                        "bulk_price": "3.69",
                        "unit_price": "6.65",
                        "approx_size": false,
                        "size_format": "l",
                        "total_units": 36,
                        "unit_selector": true,
                        "bunch_selector": false,
                        "drained_weight": null,
                        "price_decreased": false,
                        "reference_price": "0.18",
                        "min_bunch_amount": 1.0,
                        "reference_format": "lv",
                        "increment_bunch_amount": 1.0
                    }
                },
                {
                    "id": "40732",
                    "limit": 1000,
                    "badges": {
                        "is_water": false,
                        "requires_age_check": false
                    },
                    "packaging": "Ampolla",
                    "thumbnail": "https://prod-mercadona.imgix.net/20190521/32/40732/vlc1/40732_00_02.jpg?fit=crop&h=206&w=206",
                    "display_name": "Suavitzant roba blau Bosque Verde concentrat",
                    "bunch_selector": false,
                    "price_instructions": {
                        "iva": 21,
                        "is_new": false,
                        "is_pack": false,
                        "pack_size": null,
                        "unit_name": "rentades",
                        "unit_size": 2.0,
                        "bulk_price": "0.90",
                        "unit_price": "1.79",
                        "approx_size": false,
                        "size_format": "l",
                        "total_units": 80,
                        "unit_selector": true,
                        "bunch_selector": false,
                        "drained_weight": null,
                        "price_decreased": false,
                        "reference_price": "0.90",
                        "min_bunch_amount": 1.0,
                        "reference_format": "L",
                        "increment_bunch_amount": 1.0
                    }
                },
                {
                    "id": "40401",
                    "limit": 1000,
                    "badges": {
                        "is_water": false,
                        "requires_age_check": false
                    },
                    "packaging": "Capsa",
                    "thumbnail": "https://prod-mercadona.imgix.net/20190521/01/40401/vlc1/40401_00_01.jpg?fit=crop&h=206&w=206",
                    "display_name": "Detergent roba frescor Vernel Wipp Express en pols",
                    "bunch_selector": false,
                    "price_instructions": {
                        "iva": 21,
                        "is_new": false,
                        "is_pack": false,
                        "pack_size": null,
                        "unit_name": "rentades",
                        "unit_size": 1.92,
                        "bulk_price": "3.38",
                        "unit_price": "6.49",
                        "approx_size": false,
                        "size_format": "kg",
                        "total_units": 32,
                        "unit_selector": true,
                        "bunch_selector": false,
                        "drained_weight": null,
                        "price_decreased": false,
                        "reference_price": "0.20",
                        "min_bunch_amount": 1.0,
                        "reference_format": "lv",
                        "increment_bunch_amount": 1.0
                    }
                },
                {
                    "id": "40748",
                    "limit": 1000,
                    "badges": {
                        "is_water": false,
                        "requires_age_check": false
                    },
                    "packaging": "Paquet",
                    "thumbnail": "https://prod-mercadona.imgix.net/20190521/48/40748/vlc1/40748_00_02.jpg?fit=crop&h=206&w=206",
                    "display_name": "Tovalloletes suavitzants San per a assecadora",
                    "bunch_selector": false,
                    "price_instructions": {
                        "iva": 21,
                        "is_new": false,
                        "is_pack": false,
                        "pack_size": null,
                        "unit_name": null,
                        "unit_size": 40.0,
                        "bulk_price": "0.07",
                        "unit_price": "2.95",
                        "approx_size": false,
                        "size_format": "ud",
                        "total_units": null,
                        "unit_selector": true,
                        "bunch_selector": false,
                        "drained_weight": null,
                        "price_decreased": false,
                        "reference_price": "0.074",
                        "min_bunch_amount": 1.0,
                        "reference_format": "ud",
                        "increment_bunch_amount": 1.0
                    }
                },
                {
                    "id": "40135",
                    "limit": 1000,
                    "badges": {
                        "is_water": false,
                        "requires_age_check": false
                    },
                    "packaging": "Pot",
                    "thumbnail": "https://prod-mercadona.imgix.net/20190521/35/40135/vlc1/40135_00_02.jpg?fit=crop&h=206&w=206",
                    "display_name": "Sabó tou natural Beltrán",
                    "bunch_selector": false,
                    "price_instructions": {
                        "iva": 21,
                        "is_new": false,
                        "is_pack": false,
                        "pack_size": null,
                        "unit_name": null,
                        "unit_size": 0.5,
                        "bulk_price": "3.60",
                        "unit_price": "1.80",
                        "approx_size": false,
                        "size_format": "kg",
                        "total_units": null,
                        "unit_selector": true,
                        "bunch_selector": false,
                        "drained_weight": null,
                        "price_decreased": false,
                        "reference_price": "3.60",
                        "min_bunch_amount": 1.0,
                        "reference_format": "kg",
                        "increment_bunch_amount": 1.0
                    }
                },
                {
                    "id": "40154",
                    "limit": 1000,
                    "badges": {
                        "is_water": false,
                        "requires_age_check": false
                    },
                    "packaging": "Ampolla",
                    "thumbnail": "https://prod-mercadona.imgix.net/20190521/54/40154/vlc1/40154_00_02.jpg?fit=crop&h=206&w=206",
                    "display_name": "Detergent roba frescor pur Bosque Verde líquid",
                    "bunch_selector": false,
                    "price_instructions": {
                        "iva": 21,
                        "is_new": false,
                        "is_pack": false,
                        "pack_size": null,
                        "unit_name": "rentades",
                        "unit_size": 3.0,
                        "bulk_price": "1.26",
                        "unit_price": "3.79",
                        "approx_size": false,
                        "size_format": "l",
                        "total_units": 46,
                        "unit_selector": true,
                        "bunch_selector": false,
                        "drained_weight": null,
                        "price_decreased": false,
                        "reference_price": "0.082",
                        "min_bunch_amount": 1.0,
                        "reference_format": "lv",
                        "increment_bunch_amount": 1.0
                    }
                },
                {
                    "id": "40118",
                    "limit": 1000,
                    "badges": {
                        "is_water": false,
                        "requires_age_check": false
                    },
                    "packaging": "Capsa",
                    "thumbnail": "https://prod-mercadona.imgix.net/20190521/18/40118/vlc1/40118_00_02.jpg?fit=crop&h=206&w=206",
                    "display_name": "Detergent roba blanca i de color Bosque Verde en pols",
                    "bunch_selector": false,
                    "price_instructions": {
                        "iva": 21,
                        "is_new": false,
                        "is_pack": false,
                        "pack_size": null,
                        "unit_name": "rentades",
                        "unit_size": 2.625,
                        "bulk_price": "1.90",
                        "unit_price": "5.00",
                        "approx_size": false,
                        "size_format": "kg",
                        "total_units": 35,
                        "unit_selector": true,
                        "bunch_selector": false,
                        "drained_weight": null,
                        "price_decreased": false,
                        "reference_price": "0.14",
                        "min_bunch_amount": 1.0,
                        "reference_format": "lv",
                        "increment_bunch_amount": 1.0
                    }
                },
                {
                    "id": "40548",
                    "limit": 1000,
                    "badges": {
                        "is_water": false,
                        "requires_age_check": false
                    },
                    "packaging": "Capsa",
                    "thumbnail": "https://prod-mercadona.imgix.net/20190521/48/40548/vlc1/40548_00_02.jpg?fit=crop&h=206&w=206",
                    "display_name": "Detergent roba Elena en pols",
                    "bunch_selector": false,
                    "price_instructions": {
                        "iva": 21,
                        "is_new": false,
                        "is_pack": false,
                        "pack_size": null,
                        "unit_name": "rentades",
                        "unit_size": 2.275,
                        "bulk_price": "1.72",
                        "unit_price": "4.40",
                        "approx_size": false,
                        "size_format": "kg",
                        "total_units": 35,
                        "unit_selector": true,
                        "bunch_selector": false,
                        "drained_weight": null,
                        "price_decreased": false,
                        "reference_price": "0.13",
                        "min_bunch_amount": 1.0,
                        "reference_format": "lv",
                        "increment_bunch_amount": 1.0
                    }
                },
                {
                    "id": "40162",
                    "limit": 1000,
                    "badges": {
                        "is_water": false,
                        "requires_age_check": false
                    },
                    "packaging": "Ampolla",
                    "thumbnail": "https://prod-mercadona.imgix.net/20190521/62/40162/vlc1/40162_00_02.jpg?fit=crop&h=206&w=206",
                    "display_name": "Detergent roba peces fines Bosque Verde líquid",
                    "bunch_selector": false,
                    "price_instructions": {
                        "iva": 21,
                        "is_new": false,
                        "is_pack": false,
                        "pack_size": null,
                        "unit_name": "rentades",
                        "unit_size": 2.0,
                        "bulk_price": "0.84",
                        "unit_price": "1.69",
                        "approx_size": false,
                        "size_format": "l",
                        "total_units": 66,
                        "unit_selector": true,
                        "bunch_selector": false,
                        "drained_weight": null,
                        "price_decreased": false,
                        "reference_price": "0.026",
                        "min_bunch_amount": 1.0,
                        "reference_format": "lv",
                        "increment_bunch_amount": 1.0
                    }
                },
                {
                    "id": "40230",
                    "limit": 1000,
                    "badges": {
                        "is_water": false,
                        "requires_age_check": false
                    },
                    "packaging": "Ampolla",
                    "thumbnail": "https://prod-mercadona.imgix.net/20190521/30/40230/vlc1/40230_00_02.jpg?fit=crop&h=206&w=206",
                    "display_name": "Activador de rentada roba blanca Bosque Verde en gel",
                    "bunch_selector": false,
                    "price_instructions": {
                        "iva": 21,
                        "is_new": false,
                        "is_pack": false,
                        "pack_size": null,
                        "unit_name": null,
                        "unit_size": 2.0,
                        "bulk_price": "0.96",
                        "unit_price": "1.93",
                        "approx_size": false,
                        "size_format": "l",
                        "total_units": null,
                        "unit_selector": true,
                        "bunch_selector": false,
                        "drained_weight": null,
                        "price_decreased": false,
                        "reference_price": "0.96",
                        "min_bunch_amount": 1.0,
                        "reference_format": "L",
                        "increment_bunch_amount": 1.0
                    }
                },
                {
                    "id": "40402",
                    "limit": 1000,
                    "badges": {
                        "is_water": false,
                        "requires_age_check": false
                    },
                    "packaging": "Ampolla",
                    "thumbnail": "https://prod-mercadona.imgix.net/20190521/02/40402/vlc1/40402_00_02.jpg?fit=crop&h=206&w=206",
                    "display_name": "Activador de rentada oxy blanc pur Neutrex líquid",
                    "bunch_selector": false,
                    "price_instructions": {
                        "iva": 21,
                        "is_new": false,
                        "is_pack": false,
                        "pack_size": null,
                        "unit_name": null,
                        "unit_size": 0.8,
                        "bulk_price": "2.11",
                        "unit_price": "1.69",
                        "approx_size": false,
                        "size_format": "l",
                        "total_units": null,
                        "unit_selector": true,
                        "bunch_selector": false,
                        "drained_weight": null,
                        "price_decreased": false,
                        "reference_price": "2.11",
                        "min_bunch_amount": 1.0,
                        "reference_format": "L",
                        "increment_bunch_amount": 1.0
                    }
                },
                {
                    "id": "40315",
                    "limit": 1000,
                    "badges": {
                        "is_water": false,
                        "requires_age_check": false
                    },
                    "packaging": "Pot",
                    "thumbnail": "https://prod-mercadona.imgix.net/20190521/15/40315/vlc1/40315_00_02.jpg?fit=crop&h=206&w=206",
                    "display_name": "Activador blanquejant roba blanca Bosque Verde en pols",
                    "bunch_selector": false,
                    "price_instructions": {
                        "iva": 21,
                        "is_new": false,
                        "is_pack": false,
                        "pack_size": null,
                        "unit_name": null,
                        "unit_size": 1.0,
                        "bulk_price": "3.05",
                        "unit_price": "3.05",
                        "approx_size": false,
                        "size_format": "kg",
                        "total_units": null,
                        "unit_selector": true,
                        "bunch_selector": false,
                        "drained_weight": null,
                        "price_decreased": false,
                        "reference_price": "3.05",
                        "min_bunch_amount": 1.0,
                        "reference_format": "kg",
                        "increment_bunch_amount": 1.0
                    }
                },
                {
                    "id": "40200",
                    "limit": 1000,
                    "badges": {
                        "is_water": false,
                        "requires_age_check": false
                    },
                    "packaging": "Capsa",
                    "thumbnail": "https://prod-mercadona.imgix.net/20190521/00/40200/vlc1/40200_00_02.jpg?fit=crop&h=206&w=206",
                    "display_name": "Blanquejant de roba La Nave en pols",
                    "bunch_selector": false,
                    "price_instructions": {
                        "iva": 21,
                        "is_new": false,
                        "is_pack": false,
                        "pack_size": 0.02,
                        "unit_name": "sobres",
                        "unit_size": 0.12,
                        "bulk_price": "13.33",
                        "unit_price": "1.60",
                        "approx_size": false,
                        "size_format": "kg",
                        "total_units": 6,
                        "unit_selector": true,
                        "bunch_selector": false,
                        "drained_weight": null,
                        "price_decreased": false,
                        "reference_price": "13.33",
                        "min_bunch_amount": 1.0,
                        "reference_format": "kg",
                        "increment_bunch_amount": 1.0
                    }
                },
                {
                    "id": "40317",
                    "limit": 1000,
                    "badges": {
                        "is_water": false,
                        "requires_age_check": false
                    },
                    "packaging": "Pot",
                    "thumbnail": "https://prod-mercadona.imgix.net/20190521/17/40317/vlc1/40317_00_02.jpg?fit=crop&h=206&w=206",
                    "display_name": "Activador llevataques roba color Bosque Verde en pols",
                    "bunch_selector": false,
                    "price_instructions": {
                        "iva": 21,
                        "is_new": false,
                        "is_pack": false,
                        "pack_size": null,
                        "unit_name": null,
                        "unit_size": 1.0,
                        "bulk_price": "3.05",
                        "unit_price": "3.05",
                        "approx_size": false,
                        "size_format": "kg",
                        "total_units": null,
                        "unit_selector": true,
                        "bunch_selector": false,
                        "drained_weight": null,
                        "price_decreased": false,
                        "reference_price": "3.05",
                        "min_bunch_amount": 1.0,
                        "reference_format": "kg",
                        "increment_bunch_amount": 1.0
                    }
                },
                {
                    "id": "40156",
                    "limit": 1000,
                    "badges": {
                        "is_water": false,
                        "requires_age_check": false
                    },
                    "packaging": "Ampolla",
                    "thumbnail": "https://prod-mercadona.imgix.net/20190521/56/40156/vlc1/40156_00_02.jpg?fit=crop&h=206&w=206",
                    "display_name": "Detergent roba sabó natural de Marsella Bosque Verde líquid",
                    "bunch_selector": false,
                    "price_instructions": {
                        "iva": 21,
                        "is_new": false,
                        "is_pack": false,
                        "pack_size": null,
                        "unit_name": "rentades",
                        "unit_size": 3.0,
                        "bulk_price": "1.06",
                        "unit_price": "3.19",
                        "approx_size": false,
                        "size_format": "l",
                        "total_units": 46,
                        "unit_selector": true,
                        "bunch_selector": false,
                        "drained_weight": null,
                        "price_decreased": false,
                        "reference_price": "0.069",
                        "min_bunch_amount": 1.0,
                        "reference_format": "lv",
                        "increment_bunch_amount": 1.0
                    }
                },
                {
                    "id": "40160",
                    "limit": 1000,
                    "badges": {
                        "is_water": false,
                        "requires_age_check": false
                    },
                    "packaging": "Ampolla",
                    "thumbnail": "https://prod-mercadona.imgix.net/20190521/60/40160/vlc1/40160_00_02.jpg?fit=crop&h=206&w=206",
                    "display_name": "Detergent roba sabó natural de Marsella Bosque Verde líquid",
                    "bunch_selector": false,
                    "price_instructions": {
                        "iva": 21,
                        "is_new": false,
                        "is_pack": false,
                        "pack_size": null,
                        "unit_name": "rentades",
                        "unit_size": 4.0,
                        "bulk_price": "1.05",
                        "unit_price": "4.20",
                        "approx_size": false,
                        "size_format": "l",
                        "total_units": 61,
                        "unit_selector": true,
                        "bunch_selector": false,
                        "drained_weight": null,
                        "price_decreased": false,
                        "reference_price": "0.069",
                        "min_bunch_amount": 1.0,
                        "reference_format": "lv",
                        "increment_bunch_amount": 1.0
                    }
                },
                {
                    "id": "40119",
                    "limit": 1000,
                    "badges": {
                        "is_water": false,
                        "requires_age_check": false
                    },
                    "packaging": "Capsa",
                    "thumbnail": "https://prod-mercadona.imgix.net/20190521/19/40119/vlc1/40119_00_02.jpg?fit=crop&h=206&w=206",
                    "display_name": "Detergent roba blanca i de color Bosque Verde en pols",
                    "bunch_selector": false,
                    "price_instructions": {
                        "iva": 21,
                        "is_new": false,
                        "is_pack": false,
                        "pack_size": null,
                        "unit_name": "rentades",
                        "unit_size": 5.25,
                        "bulk_price": "1.76",
                        "unit_price": "9.25",
                        "approx_size": false,
                        "size_format": "kg",
                        "total_units": 70,
                        "unit_selector": true,
                        "bunch_selector": false,
                        "drained_weight": null,
                        "price_decreased": false,
                        "reference_price": "0.13",
                        "min_bunch_amount": 1.0,
                        "reference_format": "lv",
                        "increment_bunch_amount": 1.0
                    }
                },
                {
                    "id": "40006",
                    "limit": 1000,
                    "badges": {
                        "is_water": false,
                        "requires_age_check": false
                    },
                    "packaging": "Ampolla",
                    "thumbnail": "https://prod-mercadona.imgix.net/20190521/06/40006/vlc1/40006_00_02.jpg?fit=crop&h=206&w=206",
                    "display_name": "Detergent roba peces delicades Perlan líquid",
                    "bunch_selector": false,
                    "price_instructions": {
                        "iva": 21,
                        "is_new": false,
                        "is_pack": false,
                        "pack_size": null,
                        "unit_name": "rentades",
                        "unit_size": 1.5,
                        "bulk_price": "2.33",
                        "unit_price": "3.50",
                        "approx_size": false,
                        "size_format": "l",
                        "total_units": 50,
                        "unit_selector": true,
                        "bunch_selector": false,
                        "drained_weight": null,
                        "price_decreased": false,
                        "reference_price": "0.070",
                        "min_bunch_amount": 1.0,
                        "reference_format": "lv",
                        "increment_bunch_amount": 1.0
                    }
                },
                {
                    "id": "40161",
                    "limit": 1000,
                    "badges": {
                        "is_water": false,
                        "requires_age_check": false
                    },
                    "packaging": "Capsa",
                    "thumbnail": "https://prod-mercadona.imgix.net/20190521/61/40161/vlc1/40161_00_02.jpg?fit=crop&h=206&w=206",
                    "display_name": "Detergent roba Ariel en pols",
                    "bunch_selector": false,
                    "price_instructions": {
                        "iva": 21,
                        "is_new": false,
                        "is_pack": false,
                        "pack_size": null,
                        "unit_name": "rentades",
                        "unit_size": 1.95,
                        "bulk_price": "3.58",
                        "unit_price": "6.99",
                        "approx_size": false,
                        "size_format": "kg",
                        "total_units": 30,
                        "unit_selector": true,
                        "bunch_selector": false,
                        "drained_weight": null,
                        "price_decreased": false,
                        "reference_price": "0.23",
                        "min_bunch_amount": 1.0,
                        "reference_format": "lv",
                        "increment_bunch_amount": 1.0
                    }
                },
                {
                    "id": "40155",
                    "limit": 1000,
                    "badges": {
                        "is_water": false,
                        "requires_age_check": false
                    },
                    "packaging": "Ampolla",
                    "thumbnail": "https://prod-mercadona.imgix.net/20190521/55/40155/vlc1/40155_00_02.jpg?fit=crop&h=206&w=206",
                    "display_name": "Detergent roba frescor de colònia Bosque Verde líquid",
                    "bunch_selector": false,
                    "price_instructions": {
                        "iva": 21,
                        "is_new": false,
                        "is_pack": false,
                        "pack_size": null,
                        "unit_name": "rentades",
                        "unit_size": 3.0,
                        "bulk_price": "1.26",
                        "unit_price": "3.79",
                        "approx_size": false,
                        "size_format": "l",
                        "total_units": 46,
                        "unit_selector": true,
                        "bunch_selector": false,
                        "drained_weight": null,
                        "price_decreased": false,
                        "reference_price": "0.082",
                        "min_bunch_amount": 1.0,
                        "reference_format": "lv",
                        "increment_bunch_amount": 1.0
                    }
                },
                {
                    "id": "40319",
                    "limit": 1000,
                    "badges": {
                        "is_water": false,
                        "requires_age_check": false
                    },
                    "packaging": "Paquet",
                    "thumbnail": "https://prod-mercadona.imgix.net/20190521/19/40319/vlc1/40319_00_02.jpg?fit=crop&h=206&w=206",
                    "display_name": "Detergent roba blanca Puntomatic en pastilles",
                    "bunch_selector": false,
                    "price_instructions": {
                        "iva": 21,
                        "is_new": false,
                        "is_pack": false,
                        "pack_size": 0.033,
                        "unit_name": "pastilles",
                        "unit_size": 0.264,
                        "bulk_price": "3.39",
                        "unit_price": "0.95",
                        "approx_size": false,
                        "size_format": "kg",
                        "total_units": 8,
                        "unit_selector": true,
                        "bunch_selector": false,
                        "drained_weight": null,
                        "price_decreased": false,
                        "reference_price": "0.24",
                        "min_bunch_amount": 1.0,
                        "reference_format": "lv",
                        "increment_bunch_amount": 1.0
                    }
                },
                {
                    "id": "40009",
                    "limit": 1000,
                    "badges": {
                        "is_water": false,
                        "requires_age_check": false
                    },
                    "packaging": "Paquet",
                    "thumbnail": "https://prod-mercadona.imgix.net/20190521/09/40009/vlc1/40009_00_02.jpg?fit=crop&h=206&w=206",
                    "display_name": "Sabó en escates Capricho amb oli de coco i glicerina",
                    "bunch_selector": false,
                    "price_instructions": {
                        "iva": 21,
                        "is_new": false,
                        "is_pack": false,
                        "pack_size": null,
                        "unit_name": null,
                        "unit_size": 0.5,
                        "bulk_price": "3.80",
                        "unit_price": "1.90",
                        "approx_size": false,
                        "size_format": "kg",
                        "total_units": null,
                        "unit_selector": true,
                        "bunch_selector": false,
                        "drained_weight": null,
                        "price_decreased": false,
                        "reference_price": "3.80",
                        "min_bunch_amount": 1.0,
                        "reference_format": "kg",
                        "increment_bunch_amount": 1.0
                    }
                },
                {
                    "id": "40110",
                    "limit": 1000,
                    "badges": {
                        "is_water": false,
                        "requires_age_check": false
                    },
                    "packaging": "Ampolla",
                    "thumbnail": "https://prod-mercadona.imgix.net/20190521/10/40110/vlc1/40110_00_02.jpg?fit=crop&h=206&w=206",
                    "display_name": "Detergent rentada a mà Bosque Verde en gel",
                    "bunch_selector": false,
                    "price_instructions": {
                        "iva": 21,
                        "is_new": false,
                        "is_pack": false,
                        "pack_size": null,
                        "unit_name": null,
                        "unit_size": 1.0,
                        "bulk_price": "1.89",
                        "unit_price": "1.89",
                        "approx_size": false,
                        "size_format": "l",
                        "total_units": null,
                        "unit_selector": true,
                        "bunch_selector": false,
                        "drained_weight": null,
                        "price_decreased": false,
                        "reference_price": "1.89",
                        "min_bunch_amount": 1.0,
                        "reference_format": "L",
                        "increment_bunch_amount": 1.0
                    }
                },
                {
                    "id": "40114",
                    "limit": 1000,
                    "badges": {
                        "is_water": false,
                        "requires_age_check": false
                    },
                    "packaging": "Capsa",
                    "thumbnail": "https://prod-mercadona.imgix.net/20190521/14/40114/vlc1/40114_00_02.jpg?fit=crop&h=206&w=206",
                    "display_name": "Detergent rentada a mà Bosque Verde en pols",
                    "bunch_selector": false,
                    "price_instructions": {
                        "iva": 21,
                        "is_new": false,
                        "is_pack": false,
                        "pack_size": null,
                        "unit_name": null,
                        "unit_size": 0.65,
                        "bulk_price": "1.52",
                        "unit_price": "0.99",
                        "approx_size": false,
                        "size_format": "kg",
                        "total_units": null,
                        "unit_selector": true,
                        "bunch_selector": false,
                        "drained_weight": null,
                        "price_decreased": false,
                        "reference_price": "1.52",
                        "min_bunch_amount": 1.0,
                        "reference_format": "kg",
                        "increment_bunch_amount": 1.0
                    }
                },
                {
                    "id": "40301",
                    "limit": 1000,
                    "badges": {
                        "is_water": false,
                        "requires_age_check": false
                    },
                    "packaging": "Paquet",
                    "thumbnail": "https://prod-mercadona.imgix.net/20190521/01/40301/vlc1/40301_00_02.jpg?fit=crop&h=206&w=206",
                    "display_name": "Sabó pur amb glicerina Capricho",
                    "bunch_selector": false,
                    "price_instructions": {
                        "iva": 21,
                        "is_new": false,
                        "is_pack": false,
                        "pack_size": 0.25,
                        "unit_name": "pastilles",
                        "unit_size": 0.75,
                        "bulk_price": "2.13",
                        "unit_price": "1.60",
                        "approx_size": false,
                        "size_format": "kg",
                        "total_units": 3,
                        "unit_selector": true,
                        "bunch_selector": false,
                        "drained_weight": null,
                        "price_decreased": false,
                        "reference_price": "2.13",
                        "min_bunch_amount": 1.0,
                        "reference_format": "kg",
                        "increment_bunch_amount": 1.0
                    }
                },
                {
                    "id": "40203",
                    "limit": 1000,
                    "badges": {
                        "is_water": false,
                        "requires_age_check": false
                    },
                    "packaging": "Ampolla",
                    "thumbnail": "https://prod-mercadona.imgix.net/20190521/03/40203/vlc1/40203_00_02.jpg?fit=crop&h=206&w=206",
                    "display_name": "Llevataques oxi actiu Bosque Verde en gel",
                    "bunch_selector": false,
                    "price_instructions": {
                        "iva": 21,
                        "is_new": false,
                        "is_pack": false,
                        "pack_size": null,
                        "unit_name": null,
                        "unit_size": 1.0,
                        "bulk_price": "1.95",
                        "unit_price": "1.95",
                        "approx_size": false,
                        "size_format": "l",
                        "total_units": null,
                        "unit_selector": true,
                        "bunch_selector": false,
                        "drained_weight": null,
                        "price_decreased": false,
                        "reference_price": "1.95",
                        "min_bunch_amount": 1.0,
                        "reference_format": "L",
                        "increment_bunch_amount": 1.0
                    }
                },
                {
                    "id": "40233",
                    "limit": 1000,
                    "badges": {
                        "is_water": false,
                        "requires_age_check": false
                    },
                    "packaging": "Ampolla",
                    "thumbnail": "https://prod-mercadona.imgix.net/20190521/33/40233/vlc1/40233_00_00.jpg?fit=crop&h=206&w=206",
                    "display_name": "Activador de rentada roba de color Bosque Verde en gel",
                    "bunch_selector": false,
                    "price_instructions": {
                        "iva": 21,
                        "is_new": false,
                        "is_pack": false,
                        "pack_size": null,
                        "unit_name": null,
                        "unit_size": 2.0,
                        "bulk_price": "0.80",
                        "unit_price": "1.60",
                        "approx_size": false,
                        "size_format": "l",
                        "total_units": null,
                        "unit_selector": true,
                        "bunch_selector": false,
                        "drained_weight": null,
                        "price_decreased": false,
                        "reference_price": "0.80",
                        "min_bunch_amount": 1.0,
                        "reference_format": "L",
                        "increment_bunch_amount": 1.0
                    }
                },
                {
                    "id": "40209",
                    "limit": 1000,
                    "badges": {
                        "is_water": false,
                        "requires_age_check": false
                    },
                    "packaging": "Capsa",
                    "thumbnail": "https://prod-mercadona.imgix.net/20190521/09/40209/vlc1/40209_00_02.jpg?fit=crop&h=206&w=206",
                    "display_name": "Tint per a roba negre La Nave",
                    "bunch_selector": false,
                    "price_instructions": {
                        "iva": 21,
                        "is_new": false,
                        "is_pack": false,
                        "pack_size": null,
                        "unit_name": null,
                        "unit_size": 0.053,
                        "bulk_price": "45.00",
                        "unit_price": "1.80",
                        "approx_size": false,
                        "size_format": "kg",
                        "total_units": null,
                        "unit_selector": true,
                        "bunch_selector": false,
                        "drained_weight": null,
                        "price_decreased": false,
                        "reference_price": "4.50",
                        "min_bunch_amount": 1.0,
                        "reference_format": "100 g",
                        "increment_bunch_amount": 1.0
                    }
                },
                {
                    "id": "40211",
                    "limit": 1000,
                    "badges": {
                        "is_water": false,
                        "requires_age_check": false
                    },
                    "packaging": "Capsa",
                    "thumbnail": "https://prod-mercadona.imgix.net/20190521/11/40211/vlc1/40211_00_02.jpg?fit=crop&h=206&w=206",
                    "display_name": "Tint per a roba marró La Nave",
                    "bunch_selector": false,
                    "price_instructions": {
                        "iva": 21,
                        "is_new": false,
                        "is_pack": false,
                        "pack_size": null,
                        "unit_name": null,
                        "unit_size": 0.053,
                        "bulk_price": "45.00",
                        "unit_price": "1.80",
                        "approx_size": false,
                        "size_format": "kg",
                        "total_units": null,
                        "unit_selector": true,
                        "bunch_selector": false,
                        "drained_weight": null,
                        "price_decreased": false,
                        "reference_price": "4.50",
                        "min_bunch_amount": 1.0,
                        "reference_format": "100 g",
                        "increment_bunch_amount": 1.0
                    }
                },
                {
                    "id": "40214",
                    "limit": 1000,
                    "badges": {
                        "is_water": false,
                        "requires_age_check": false
                    },
                    "packaging": "Capsa",
                    "thumbnail": "https://prod-mercadona.imgix.net/20190521/14/40214/vlc1/40214_00_02.jpg?fit=crop&h=206&w=206",
                    "display_name": "Renovador del color negre La Nave renta i tenyeix",
                    "bunch_selector": false,
                    "price_instructions": {
                        "iva": 21,
                        "is_new": false,
                        "is_pack": false,
                        "pack_size": null,
                        "unit_name": null,
                        "unit_size": 0.093,
                        "bulk_price": "22.50",
                        "unit_price": "1.80",
                        "approx_size": false,
                        "size_format": "kg",
                        "total_units": null,
                        "unit_selector": true,
                        "bunch_selector": false,
                        "drained_weight": null,
                        "price_decreased": false,
                        "reference_price": "22.50",
                        "min_bunch_amount": 1.0,
                        "reference_format": "kg",
                        "increment_bunch_amount": 1.0
                    }
                },
                {
                    "id": "40215",
                    "limit": 1000,
                    "badges": {
                        "is_water": false,
                        "requires_age_check": false
                    },
                    "packaging": "Capsa",
                    "thumbnail": "https://prod-mercadona.imgix.net/20190521/15/40215/vlc1/40215_00_02.jpg?fit=crop&h=206&w=206",
                    "display_name": "Renovador del color blau marí La Nave renta i tenyeix",
                    "bunch_selector": false,
                    "price_instructions": {
                        "iva": 21,
                        "is_new": false,
                        "is_pack": false,
                        "pack_size": null,
                        "unit_name": null,
                        "unit_size": 0.093,
                        "bulk_price": "22.50",
                        "unit_price": "1.80",
                        "approx_size": false,
                        "size_format": "kg",
                        "total_units": null,
                        "unit_selector": true,
                        "bunch_selector": false,
                        "drained_weight": null,
                        "price_decreased": false,
                        "reference_price": "22.50",
                        "min_bunch_amount": 1.0,
                        "reference_format": "kg",
                        "increment_bunch_amount": 1.0
                    }
                },
                {
                    "id": "40218",
                    "limit": 1000,
                    "badges": {
                        "is_water": false,
                        "requires_age_check": false
                    },
                    "packaging": "Capsa",
                    "thumbnail": "https://prod-mercadona.imgix.net/20190521/18/40218/vlc1/40218_00_02.jpg?fit=crop&h=206&w=206",
                    "display_name": "Tint per a roba blau marí La Nave",
                    "bunch_selector": false,
                    "price_instructions": {
                        "iva": 21,
                        "is_new": false,
                        "is_pack": false,
                        "pack_size": null,
                        "unit_name": null,
                        "unit_size": 0.053,
                        "bulk_price": "45.00",
                        "unit_price": "1.80",
                        "approx_size": false,
                        "size_format": "kg",
                        "total_units": null,
                        "unit_selector": true,
                        "bunch_selector": false,
                        "drained_weight": null,
                        "price_decreased": false,
                        "reference_price": "4.50",
                        "min_bunch_amount": 1.0,
                        "reference_format": "100 g",
                        "increment_bunch_amount": 1.0
                    }
                },
                {
                    "id": "40227",
                    "limit": 1000,
                    "badges": {
                        "is_water": false,
                        "requires_age_check": false
                    },
                    "packaging": "Capsa",
                    "thumbnail": "https://prod-mercadona.imgix.net/20190521/27/40227/vlc1/40227_00_02.jpg?fit=crop&h=206&w=206",
                    "display_name": "Decolorant de teixits sense lleixiu La Nave",
                    "bunch_selector": false,
                    "price_instructions": {
                        "iva": 21,
                        "is_new": false,
                        "is_pack": false,
                        "pack_size": null,
                        "unit_name": "sobres",
                        "unit_size": 0.05,
                        "bulk_price": "36.00",
                        "unit_price": "1.80",
                        "approx_size": false,
                        "size_format": "kg",
                        "total_units": 2,
                        "unit_selector": true,
                        "bunch_selector": false,
                        "drained_weight": null,
                        "price_decreased": false,
                        "reference_price": "36.00",
                        "min_bunch_amount": 1.0,
                        "reference_format": "kg",
                        "increment_bunch_amount": 1.0
                    }
                },
                {
                    "id": "40674",
                    "limit": 1000,
                    "badges": {
                        "is_water": false,
                        "requires_age_check": false
                    },
                    "packaging": "Capsa",
                    "thumbnail": "https://prod-mercadona.imgix.net/20190521/74/40674/vlc1/40674_00_02.jpg?fit=crop&h=206&w=206",
                    "display_name": "Detergent roba sabó de Marsella Bosque Verde en pols",
                    "bunch_selector": false,
                    "price_instructions": {
                        "iva": 21,
                        "is_new": false,
                        "is_pack": false,
                        "pack_size": null,
                        "unit_name": "rentades",
                        "unit_size": 2.625,
                        "bulk_price": "1.60",
                        "unit_price": "4.20",
                        "approx_size": false,
                        "size_format": "kg",
                        "total_units": 35,
                        "unit_selector": true,
                        "bunch_selector": false,
                        "drained_weight": null,
                        "price_decreased": false,
                        "reference_price": "0.12",
                        "min_bunch_amount": 1.0,
                        "reference_format": "lv",
                        "increment_bunch_amount": 1.0
                    }
                },
                {
                    "id": "40661",
                    "limit": 1000,
                    "badges": {
                        "is_water": false,
                        "requires_age_check": false
                    },
                    "packaging": "Capsa",
                    "thumbnail": "https://prod-mercadona.imgix.net/20190521/61/40661/vlc1/40661_00_02.jpg?fit=crop&h=206&w=206",
                    "display_name": "Detergent roba sabó de Marsella Bosque Verde en pastilles",
                    "bunch_selector": false,
                    "price_instructions": {
                        "iva": 21,
                        "is_new": false,
                        "is_pack": false,
                        "pack_size": 0.025,
                        "unit_name": "pastilles",
                        "unit_size": 1.0,
                        "bulk_price": "2.95",
                        "unit_price": "2.95",
                        "approx_size": false,
                        "size_format": "kg",
                        "total_units": 40,
                        "unit_selector": true,
                        "bunch_selector": false,
                        "drained_weight": null,
                        "price_decreased": false,
                        "reference_price": "0.15",
                        "min_bunch_amount": 1.0,
                        "reference_format": "lv",
                        "increment_bunch_amount": 1.0
                    }
                },
                {
                    "id": "43104",
                    "limit": 1000,
                    "badges": {
                        "is_water": false,
                        "requires_age_check": false
                    },
                    "packaging": "Ampolla",
                    "thumbnail": "https://prod-mercadona.imgix.net/20190521/04/43104/vlc1/43104_00_02.jpg?fit=crop&h=206&w=206",
                    "display_name": "Activador de rentada oxy color Neutrex líquid",
                    "bunch_selector": false,
                    "price_instructions": {
                        "iva": 21,
                        "is_new": false,
                        "is_pack": false,
                        "pack_size": null,
                        "unit_name": null,
                        "unit_size": 0.8,
                        "bulk_price": "2.11",
                        "unit_price": "1.69",
                        "approx_size": false,
                        "size_format": "l",
                        "total_units": null,
                        "unit_selector": true,
                        "bunch_selector": false,
                        "drained_weight": null,
                        "price_decreased": false,
                        "reference_price": "2.11",
                        "min_bunch_amount": 1.0,
                        "reference_format": "L",
                        "increment_bunch_amount": 1.0
                    }
                },
                {
                    "id": "40651",
                    "limit": 1000,
                    "badges": {
                        "is_water": false,
                        "requires_age_check": false
                    },
                    "packaging": "Ampolla",
                    "thumbnail": "https://prod-mercadona.imgix.net/20190521/51/40651/vlc1/40651_00_02.jpg?fit=crop&h=206&w=206",
                    "display_name": "Blavet La Nave líquid",
                    "bunch_selector": false,
                    "price_instructions": {
                        "iva": 21,
                        "is_new": false,
                        "is_pack": false,
                        "pack_size": null,
                        "unit_name": null,
                        "unit_size": 0.25,
                        "bulk_price": "8.00",
                        "unit_price": "2.00",
                        "approx_size": false,
                        "size_format": "l",
                        "total_units": null,
                        "unit_selector": true,
                        "bunch_selector": false,
                        "drained_weight": null,
                        "price_decreased": false,
                        "reference_price": "8.00",
                        "min_bunch_amount": 1.0,
                        "reference_format": "L",
                        "increment_bunch_amount": 1.0
                    }
                },
                {
                    "id": "40951",
                    "limit": 1000,
                    "badges": {
                        "is_water": false,
                        "requires_age_check": false
                    },
                    "packaging": "Ampolla",
                    "thumbnail": "https://prod-mercadona.imgix.net/20190521/51/40951/vlc1/40951_00_02.jpg?fit=crop&h=206&w=206",
                    "display_name": "Eliminador d'olors Bosque Verde",
                    "bunch_selector": false,
                    "price_instructions": {
                        "iva": 21,
                        "is_new": false,
                        "is_pack": false,
                        "pack_size": null,
                        "unit_name": null,
                        "unit_size": 0.5,
                        "bulk_price": "3.98",
                        "unit_price": "1.99",
                        "approx_size": false,
                        "size_format": "l",
                        "total_units": null,
                        "unit_selector": true,
                        "bunch_selector": false,
                        "drained_weight": null,
                        "price_decreased": false,
                        "reference_price": "3.98",
                        "min_bunch_amount": 1.0,
                        "reference_format": "L",
                        "increment_bunch_amount": 1.0
                    }
                },
                {
                    "id": "40675",
                    "limit": 1000,
                    "badges": {
                        "is_water": false,
                        "requires_age_check": false
                    },
                    "packaging": "Capsa",
                    "thumbnail": "https://prod-mercadona.imgix.net/20190521/75/40675/vlc1/40675_00_02.jpg?fit=crop&h=206&w=206",
                    "display_name": "Detergent roba sabó de Marsella Bosque Verde en pols",
                    "bunch_selector": false,
                    "price_instructions": {
                        "iva": 21,
                        "is_new": false,
                        "is_pack": false,
                        "pack_size": null,
                        "unit_name": "rentades",
                        "unit_size": 5.25,
                        "bulk_price": "1.33",
                        "unit_price": "6.99",
                        "approx_size": false,
                        "size_format": "kg",
                        "total_units": 70,
                        "unit_selector": true,
                        "bunch_selector": false,
                        "drained_weight": null,
                        "price_decreased": false,
                        "reference_price": "0.100",
                        "min_bunch_amount": 1.0,
                        "reference_format": "lv",
                        "increment_bunch_amount": 1.0
                    }
                },
                {
                    "id": "44402",
                    "limit": 1000,
                    "badges": {
                        "is_water": false,
                        "requires_age_check": false
                    },
                    "packaging": "Ampolla",
                    "thumbnail": "https://prod-mercadona.imgix.net/20190521/02/44402/vlc1/44402_00_02.jpg?fit=crop&h=206&w=206",
                    "display_name": "Midó de niló Bosque Verde",
                    "bunch_selector": false,
                    "price_instructions": {
                        "iva": 21,
                        "is_new": false,
                        "is_pack": false,
                        "pack_size": null,
                        "unit_name": null,
                        "unit_size": 0.5,
                        "bulk_price": "7.80",
                        "unit_price": "3.90",
                        "approx_size": false,
                        "size_format": "l",
                        "total_units": null,
                        "unit_selector": true,
                        "bunch_selector": false,
                        "drained_weight": null,
                        "price_decreased": false,
                        "reference_price": "7.80",
                        "min_bunch_amount": 1.0,
                        "reference_format": "L",
                        "increment_bunch_amount": 1.0
                    }
                },
                {
                    "id": "44404",
                    "limit": 1000,
                    "badges": {
                        "is_water": false,
                        "requires_age_check": false
                    },
                    "packaging": "Ampolla",
                    "thumbnail": "https://prod-mercadona.imgix.net/20190521/04/44404/vlc1/44404_00_02.jpg?fit=crop&h=206&w=206",
                    "display_name": "Planxat fàcil Bosque Verde",
                    "bunch_selector": false,
                    "price_instructions": {
                        "iva": 21,
                        "is_new": false,
                        "is_pack": false,
                        "pack_size": null,
                        "unit_name": null,
                        "unit_size": 0.75,
                        "bulk_price": "2.60",
                        "unit_price": "1.95",
                        "approx_size": false,
                        "size_format": "l",
                        "total_units": null,
                        "unit_selector": true,
                        "bunch_selector": false,
                        "drained_weight": null,
                        "price_decreased": false,
                        "reference_price": "2.60",
                        "min_bunch_amount": 1.0,
                        "reference_format": "L",
                        "increment_bunch_amount": 1.0
                    }
                },
                {
                    "id": "44413",
                    "limit": 1000,
                    "badges": {
                        "is_water": false,
                        "requires_age_check": false
                    },
                    "packaging": "Ampolla",
                    "thumbnail": "https://prod-mercadona.imgix.net/20190521/13/44413/vlc1/44413_00_02.jpg?fit=crop&h=206&w=206",
                    "display_name": "Aigua de planxa Bosque Verde perfum roba neta",
                    "bunch_selector": false,
                    "price_instructions": {
                        "iva": 21,
                        "is_new": false,
                        "is_pack": false,
                        "pack_size": null,
                        "unit_name": null,
                        "unit_size": 1.0,
                        "bulk_price": "0.68",
                        "unit_price": "0.68",
                        "approx_size": false,
                        "size_format": "l",
                        "total_units": null,
                        "unit_selector": true,
                        "bunch_selector": false,
                        "drained_weight": null,
                        "price_decreased": false,
                        "reference_price": "0.68",
                        "min_bunch_amount": 1.0,
                        "reference_format": "L",
                        "increment_bunch_amount": 1.0
                    }
                },
                {
                    "id": "44414",
                    "limit": 1000,
                    "badges": {
                        "is_water": false,
                        "requires_age_check": false
                    },
                    "packaging": "Esprai",
                    "thumbnail": "https://prod-mercadona.imgix.net/20190521/14/44414/vlc1/44414_00_02.jpg?fit=crop&h=206&w=206",
                    "display_name": "Aprest Zelco instantani",
                    "bunch_selector": false,
                    "price_instructions": {
                        "iva": 21,
                        "is_new": false,
                        "is_pack": false,
                        "pack_size": null,
                        "unit_name": null,
                        "unit_size": 0.5,
                        "bulk_price": "3.30",
                        "unit_price": "1.65",
                        "approx_size": false,
                        "size_format": "l",
                        "total_units": null,
                        "unit_selector": true,
                        "bunch_selector": false,
                        "drained_weight": null,
                        "price_decreased": false,
                        "reference_price": "3.30",
                        "min_bunch_amount": 1.0,
                        "reference_format": "L",
                        "increment_bunch_amount": 1.0
                    }
                },
                {
                    "id": "48828",
                    "limit": 1000,
                    "badges": {
                        "is_water": false,
                        "requires_age_check": false
                    },
                    "packaging": "Paquet",
                    "thumbnail": "https://prod-mercadona.imgix.net/20190521/28/48828/vlc1/48828_00_02.jpg?fit=crop&h=206&w=206",
                    "display_name": "Netejador de planxes Rayen",
                    "bunch_selector": false,
                    "price_instructions": {
                        "iva": 21,
                        "is_new": false,
                        "is_pack": false,
                        "pack_size": null,
                        "unit_name": null,
                        "unit_size": 1.0,
                        "bulk_price": "3.50",
                        "unit_price": "3.50",
                        "approx_size": false,
                        "size_format": "ud",
                        "total_units": null,
                        "unit_selector": true,
                        "bunch_selector": false,
                        "drained_weight": null,
                        "price_decreased": false,
                        "reference_price": "3.50",
                        "min_bunch_amount": 1.0,
                        "reference_format": "ud",
                        "increment_bunch_amount": 1.0
                    }
                },
                {
                    "id": "40808",
                    "limit": 1000,
                    "badges": {
                        "is_water": false,
                        "requires_age_check": false
                    },
                    "packaging": "Capsa",
                    "thumbnail": "https://prod-mercadona.imgix.net/20190521/08/40808/vlc1/40808_00_02.jpg?fit=crop&h=206&w=206",
                    "display_name": "Pastilles anticalç per a rentadora Bosque Verde",
                    "bunch_selector": false,
                    "price_instructions": {
                        "iva": 21,
                        "is_new": false,
                        "is_pack": false,
                        "pack_size": 0.012,
                        "unit_name": "pastilles",
                        "unit_size": 1.0,
                        "bulk_price": "0.07",
                        "unit_price": "2.95",
                        "approx_size": false,
                        "size_format": "ud",
                        "total_units": 40,
                        "unit_selector": true,
                        "bunch_selector": false,
                        "drained_weight": null,
                        "price_decreased": false,
                        "reference_price": "0.074",
                        "min_bunch_amount": 1.0,
                        "reference_format": "lv",
                        "increment_bunch_amount": 1.0
                    }
                },
                {
                    "id": "40735",
                    "limit": 1000,
                    "badges": {
                        "is_water": false,
                        "requires_age_check": false
                    },
                    "packaging": "Ampolla",
                    "thumbnail": "https://prod-mercadona.imgix.net/20190521/35/40735/vlc1/40735_00_02.jpg?fit=crop&h=206&w=206",
                    "display_name": "Suavitzant roba rosa Bosque Verde concentrat",
                    "bunch_selector": false,
                    "price_instructions": {
                        "iva": 21,
                        "is_new": false,
                        "is_pack": false,
                        "pack_size": null,
                        "unit_name": "rentades",
                        "unit_size": 2.0,
                        "bulk_price": "0.90",
                        "unit_price": "1.79",
                        "approx_size": false,
                        "size_format": "l",
                        "total_units": 80,
                        "unit_selector": true,
                        "bunch_selector": false,
                        "drained_weight": null,
                        "price_decreased": false,
                        "reference_price": "0.90",
                        "min_bunch_amount": 1.0,
                        "reference_format": "L",
                        "increment_bunch_amount": 1.0
                    }
                },
                {
                    "id": "40746",
                    "limit": 1000,
                    "badges": {
                        "is_water": false,
                        "requires_age_check": false
                    },
                    "packaging": "Ampolla",
                    "thumbnail": "https://prod-mercadona.imgix.net/20190521/46/40746/vlc1/40746_00_02.jpg?fit=crop&h=206&w=206",
                    "display_name": "Suavitzant roba hipoal·lergogen Bosque Verde concentrat",
                    "bunch_selector": false,
                    "price_instructions": {
                        "iva": 21,
                        "is_new": false,
                        "is_pack": false,
                        "pack_size": null,
                        "unit_name": "rentades",
                        "unit_size": 1.0,
                        "bulk_price": "1.40",
                        "unit_price": "1.40",
                        "approx_size": false,
                        "size_format": "l",
                        "total_units": 40,
                        "unit_selector": true,
                        "bunch_selector": false,
                        "drained_weight": null,
                        "price_decreased": false,
                        "reference_price": "1.40",
                        "min_bunch_amount": 1.0,
                        "reference_format": "L",
                        "increment_bunch_amount": 1.0
                    }
                },
                {
                    "id": "40744",
                    "limit": 1000,
                    "badges": {
                        "is_water": false,
                        "requires_age_check": false
                    },
                    "packaging": "Ampolla",
                    "thumbnail": "https://prod-mercadona.imgix.net/20190521/44/40744/vlc1/40744_00_02.jpg?fit=crop&h=206&w=206",
                    "display_name": "Suavitzant roba dulzzia Bosque Verde concentrat",
                    "bunch_selector": false,
                    "price_instructions": {
                        "iva": 21,
                        "is_new": false,
                        "is_pack": false,
                        "pack_size": null,
                        "unit_name": "rentades",
                        "unit_size": 2.0,
                        "bulk_price": "0.90",
                        "unit_price": "1.79",
                        "approx_size": false,
                        "size_format": "l",
                        "total_units": 80,
                        "unit_selector": true,
                        "bunch_selector": false,
                        "drained_weight": null,
                        "price_decreased": false,
                        "reference_price": "0.90",
                        "min_bunch_amount": 1.0,
                        "reference_format": "L",
                        "increment_bunch_amount": 1.0
                    }
                },
                {
                    "id": "40171",
                    "limit": 1000,
                    "badges": {
                        "is_water": false,
                        "requires_age_check": false
                    },
                    "packaging": "Ampolla",
                    "thumbnail": "https://prod-mercadona.imgix.net/20190521/71/40171/vlc1/40171_00_02.jpg?fit=crop&h=206&w=206",
                    "display_name": "Detergent roba fragància Nenuco Colon en gel",
                    "bunch_selector": false,
                    "price_instructions": {
                        "iva": 21,
                        "is_new": false,
                        "is_pack": false,
                        "pack_size": null,
                        "unit_name": "rentades",
                        "unit_size": 2.08,
                        "bulk_price": "2.74",
                        "unit_price": "5.95",
                        "approx_size": false,
                        "size_format": "l",
                        "total_units": 40,
                        "unit_selector": true,
                        "bunch_selector": false,
                        "drained_weight": null,
                        "price_decreased": false,
                        "reference_price": "0.15",
                        "min_bunch_amount": 1.0,
                        "reference_format": "lv",
                        "increment_bunch_amount": 1.0
                    }
                },
                {
                    "id": "44410",
                    "limit": 1000,
                    "badges": {
                        "is_water": false,
                        "requires_age_check": false
                    },
                    "packaging": "Esprai",
                    "thumbnail": "https://prod-mercadona.imgix.net/20190521/10/44410/vlc1/44410_00_02.jpg?fit=crop&h=206&w=206",
                    "display_name": "Llevataques en sec",
                    "bunch_selector": false,
                    "price_instructions": {
                        "iva": 21,
                        "is_new": false,
                        "is_pack": false,
                        "pack_size": null,
                        "unit_name": null,
                        "unit_size": 0.2,
                        "bulk_price": "10.25",
                        "unit_price": "2.05",
                        "approx_size": false,
                        "size_format": "l",
                        "total_units": null,
                        "unit_selector": true,
                        "bunch_selector": false,
                        "drained_weight": null,
                        "price_decreased": false,
                        "reference_price": "10.25",
                        "min_bunch_amount": 1.0,
                        "reference_format": "L",
                        "increment_bunch_amount": 1.0
                    }
                },
                {
                    "id": "44460",
                    "limit": 1000,
                    "badges": {
                        "is_water": false,
                        "requires_age_check": false
                    },
                    "packaging": "Pot",
                    "thumbnail": "https://prod-mercadona.imgix.net/20190521/60/44460/vlc1/44460_00_02.jpg?fit=crop&h=206&w=206",
                    "display_name": "Llevataques de llapis i tintes Dr. Beckmann",
                    "bunch_selector": false,
                    "price_instructions": {
                        "iva": 21,
                        "is_new": false,
                        "is_pack": false,
                        "pack_size": null,
                        "unit_name": null,
                        "unit_size": 0.05,
                        "bulk_price": "45.60",
                        "unit_price": "2.28",
                        "approx_size": false,
                        "size_format": "l",
                        "total_units": null,
                        "unit_selector": true,
                        "bunch_selector": false,
                        "drained_weight": null,
                        "price_decreased": false,
                        "reference_price": "45.60",
                        "min_bunch_amount": 1.0,
                        "reference_format": "L",
                        "increment_bunch_amount": 1.0
                    }
                },
                {
                    "id": "44420",
                    "limit": 1000,
                    "badges": {
                        "is_water": false,
                        "requires_age_check": false
                    },
                    "packaging": "Capsa",
                    "thumbnail": "https://prod-mercadona.imgix.net/20190521/20/44420/vlc1/44420_00_02.jpg?fit=crop&h=206&w=206",
                    "display_name": "Llevataques de destenyits La Nave sense lleixiu",
                    "bunch_selector": false,
                    "price_instructions": {
                        "iva": 21,
                        "is_new": false,
                        "is_pack": false,
                        "pack_size": 0.05,
                        "unit_name": "sobres",
                        "unit_size": 0.1,
                        "bulk_price": "27.50",
                        "unit_price": "2.75",
                        "approx_size": false,
                        "size_format": "kg",
                        "total_units": 2,
                        "unit_selector": true,
                        "bunch_selector": false,
                        "drained_weight": null,
                        "price_decreased": false,
                        "reference_price": "27.50",
                        "min_bunch_amount": 1.0,
                        "reference_format": "kg",
                        "increment_bunch_amount": 1.0
                    }
                },
                {
                    "id": "40750",
                    "limit": 1000,
                    "badges": {
                        "is_water": false,
                        "requires_age_check": false
                    },
                    "packaging": "Ampolla",
                    "thumbnail": "https://prod-mercadona.imgix.net/20190521/50/40750/vlc1/40750_00_02.jpg?fit=crop&h=206&w=206",
                    "display_name": "Suavitzant roba floral Bosque Verde concentrat",
                    "bunch_selector": false,
                    "price_instructions": {
                        "iva": 21,
                        "is_new": false,
                        "is_pack": false,
                        "pack_size": null,
                        "unit_name": "rentades",
                        "unit_size": 2.0,
                        "bulk_price": "0.90",
                        "unit_price": "1.79",
                        "approx_size": false,
                        "size_format": "l",
                        "total_units": 80,
                        "unit_selector": true,
                        "bunch_selector": false,
                        "drained_weight": null,
                        "price_decreased": false,
                        "reference_price": "0.90",
                        "min_bunch_amount": 1.0,
                        "reference_format": "L",
                        "increment_bunch_amount": 1.0
                    }
                },
                {
                    "id": "79083",
                    "limit": 1000,
                    "badges": {
                        "is_water": false,
                        "requires_age_check": false
                    },
                    "packaging": "Paquet",
                    "thumbnail": "https://prod-mercadona.imgix.net/20190521/83/79083/vlc1/79083_00_02.jpg?fit=crop&h=206&w=206",
                    "display_name": "Tovalloletes rentadora Bosque Verde acció 2 en 1",
                    "bunch_selector": false,
                    "price_instructions": {
                        "iva": 21,
                        "is_new": false,
                        "is_pack": false,
                        "pack_size": null,
                        "unit_name": null,
                        "unit_size": 20.0,
                        "bulk_price": "0.10",
                        "unit_price": "1.95",
                        "approx_size": false,
                        "size_format": "ud",
                        "total_units": null,
                        "unit_selector": true,
                        "bunch_selector": false,
                        "drained_weight": null,
                        "price_decreased": false,
                        "reference_price": "0.098",
                        "min_bunch_amount": 1.0,
                        "reference_format": "ud",
                        "increment_bunch_amount": 1.0
                    }
                },
                {
                    "id": "90505",
                    "limit": 1000,
                    "badges": {
                        "is_water": false,
                        "requires_age_check": false
                    },
                    "packaging": "Ampolla",
                    "thumbnail": "https://prod-mercadona.imgix.net/20190521/05/90505/vlc1/90505_00_02.jpg?fit=crop&h=206&w=206",
                    "display_name": "Aigua destil·lada Bosque Verde",
                    "bunch_selector": false,
                    "price_instructions": {
                        "iva": 21,
                        "is_new": false,
                        "is_pack": false,
                        "pack_size": null,
                        "unit_name": null,
                        "unit_size": 2.0,
                        "bulk_price": "0.39",
                        "unit_price": "0.78",
                        "approx_size": false,
                        "size_format": "l",
                        "total_units": null,
                        "unit_selector": true,
                        "bunch_selector": false,
                        "drained_weight": null,
                        "price_decreased": false,
                        "reference_price": "0.39",
                        "min_bunch_amount": 1.0,
                        "reference_format": "L",
                        "increment_bunch_amount": 1.0
                    }
                },
                {
                    "id": "90531",
                    "limit": 1000,
                    "badges": {
                        "is_water": false,
                        "requires_age_check": false
                    },
                    "packaging": "Garrafa",
                    "thumbnail": "https://prod-mercadona.imgix.net/20190521/31/90531/vlc1/90531_00_02.jpg?fit=crop&h=206&w=206",
                    "display_name": "Aigua destil·lada Bosque Verde",
                    "bunch_selector": false,
                    "price_instructions": {
                        "iva": 21,
                        "is_new": false,
                        "is_pack": false,
                        "pack_size": null,
                        "unit_name": null,
                        "unit_size": 5.0,
                        "bulk_price": "0.38",
                        "unit_price": "1.89",
                        "approx_size": false,
                        "size_format": "l",
                        "total_units": null,
                        "unit_selector": true,
                        "bunch_selector": false,
                        "drained_weight": null,
                        "price_decreased": false,
                        "reference_price": "0.38",
                        "min_bunch_amount": 1.0,
                        "reference_format": "L",
                        "increment_bunch_amount": 1.0
                    }
                },
                {
                    "id": "40184",
                    "limit": 1000,
                    "badges": {
                        "is_water": false,
                        "requires_age_check": false
                    },
                    "packaging": "Ampolla",
                    "thumbnail": "https://prod-mercadona.imgix.net/20190521/84/40184/vlc1/40184_00_02.jpg?fit=crop&h=206&w=206",
                    "display_name": "Detergent roba de color Bosque Verde líquid",
                    "bunch_selector": false,
                    "price_instructions": {
                        "iva": 21,
                        "is_new": false,
                        "is_pack": false,
                        "pack_size": null,
                        "unit_name": "rentades",
                        "unit_size": 3.0,
                        "bulk_price": "1.43",
                        "unit_price": "4.30",
                        "approx_size": false,
                        "size_format": "l",
                        "total_units": 46,
                        "unit_selector": true,
                        "bunch_selector": false,
                        "drained_weight": null,
                        "price_decreased": false,
                        "reference_price": "0.093",
                        "min_bunch_amount": 1.0,
                        "reference_format": "lv",
                        "increment_bunch_amount": 1.0
                    }
                },
                {
                    "id": "40183",
                    "limit": 1000,
                    "badges": {
                        "is_water": false,
                        "requires_age_check": false
                    },
                    "packaging": "Ampolla",
                    "thumbnail": "https://prod-mercadona.imgix.net/20190521/83/40183/vlc1/40183_00_02.jpg?fit=crop&h=206&w=206",
                    "display_name": "Detergent roba de color Bosque Verde líquid",
                    "bunch_selector": false,
                    "price_instructions": {
                        "iva": 21,
                        "is_new": false,
                        "is_pack": false,
                        "pack_size": null,
                        "unit_name": "rentades",
                        "unit_size": 1.95,
                        "bulk_price": "1.53",
                        "unit_price": "2.99",
                        "approx_size": false,
                        "size_format": "l",
                        "total_units": 30,
                        "unit_selector": true,
                        "bunch_selector": false,
                        "drained_weight": null,
                        "price_decreased": false,
                        "reference_price": "0.100",
                        "min_bunch_amount": 1.0,
                        "reference_format": "lv",
                        "increment_bunch_amount": 1.0
                    }
                },
                {
                    "id": "40407",
                    "limit": 1000,
                    "badges": {
                        "is_water": false,
                        "requires_age_check": false
                    },
                    "packaging": "Ampolla",
                    "thumbnail": "https://prod-mercadona.imgix.net/20190521/07/40407/vlc1/40407_00_02.jpg?fit=crop&h=206&w=206",
                    "display_name": "Detergent roba sabó de Marsella Bosque Verde en gel concentrat",
                    "bunch_selector": false,
                    "price_instructions": {
                        "iva": 21,
                        "is_new": false,
                        "is_pack": false,
                        "pack_size": null,
                        "unit_name": "rentades",
                        "unit_size": 0.81,
                        "bulk_price": "3.40",
                        "unit_price": "2.75",
                        "approx_size": false,
                        "size_format": "l",
                        "total_units": 27,
                        "unit_selector": true,
                        "bunch_selector": false,
                        "drained_weight": null,
                        "price_decreased": false,
                        "reference_price": "0.10",
                        "min_bunch_amount": 1.0,
                        "reference_format": "lv",
                        "increment_bunch_amount": 1.0
                    }
                },
                {
                    "id": "40468",
                    "limit": 1000,
                    "badges": {
                        "is_water": false,
                        "requires_age_check": false
                    },
                    "packaging": "Ampolla",
                    "thumbnail": "https://prod-mercadona.imgix.net/20190521/68/40468/vlc1/40468_00_02.jpg?fit=crop&h=206&w=206",
                    "display_name": "Detergent roba blanca i de color Bosque Verde líquid concentrat",
                    "bunch_selector": false,
                    "price_instructions": {
                        "iva": 21,
                        "is_new": false,
                        "is_pack": false,
                        "pack_size": null,
                        "unit_name": "rentades",
                        "unit_size": 4.0,
                        "bulk_price": "1.74",
                        "unit_price": "6.95",
                        "approx_size": false,
                        "size_format": "l",
                        "total_units": 61,
                        "unit_selector": true,
                        "bunch_selector": false,
                        "drained_weight": null,
                        "price_decreased": false,
                        "reference_price": "0.11",
                        "min_bunch_amount": 1.0,
                        "reference_format": "lv",
                        "increment_bunch_amount": 1.0
                    }
                },
                {
                    "id": "40458",
                    "limit": 1000,
                    "badges": {
                        "is_water": false,
                        "requires_age_check": false
                    },
                    "packaging": "Ampolla",
                    "thumbnail": "https://prod-mercadona.imgix.net/20190521/58/40458/vlc1/40458_00_02.jpg?fit=crop&h=206&w=206",
                    "display_name": "Detergent roba blanca i de color Bosque Verde líquid concentrat",
                    "bunch_selector": false,
                    "price_instructions": {
                        "iva": 21,
                        "is_new": false,
                        "is_pack": false,
                        "pack_size": null,
                        "unit_name": "rentades",
                        "unit_size": 2.0,
                        "bulk_price": "1.98",
                        "unit_price": "3.95",
                        "approx_size": false,
                        "size_format": "l",
                        "total_units": 30,
                        "unit_selector": true,
                        "bunch_selector": false,
                        "drained_weight": null,
                        "price_decreased": false,
                        "reference_price": "0.13",
                        "min_bunch_amount": 1.0,
                        "reference_format": "lv",
                        "increment_bunch_amount": 1.0
                    }
                },
                {
                    "id": "40450",
                    "limit": 1000,
                    "badges": {
                        "is_water": false,
                        "requires_age_check": false
                    },
                    "packaging": "Ampolla",
                    "thumbnail": "https://prod-mercadona.imgix.net/20190521/50/40450/vlc1/40450_00_02.jpg?fit=crop&h=206&w=206",
                    "display_name": "Detergent roba negra i fosca Bosque Verde líquid",
                    "bunch_selector": false,
                    "price_instructions": {
                        "iva": 21,
                        "is_new": false,
                        "is_pack": false,
                        "pack_size": null,
                        "unit_name": "rentades",
                        "unit_size": 2.025,
                        "bulk_price": "1.95",
                        "unit_price": "3.95",
                        "approx_size": false,
                        "size_format": "l",
                        "total_units": 27,
                        "unit_selector": true,
                        "bunch_selector": false,
                        "drained_weight": null,
                        "price_decreased": false,
                        "reference_price": "0.15",
                        "min_bunch_amount": 1.0,
                        "reference_format": "lv",
                        "increment_bunch_amount": 1.0
                    }
                },
                {
                    "id": "40166",
                    "limit": 1000,
                    "badges": {
                        "is_water": false,
                        "requires_age_check": false
                    },
                    "packaging": "Ampolla",
                    "thumbnail": "https://prod-mercadona.imgix.net/20190521/66/40166/vlc1/40166_00_02.jpg?fit=crop&h=206&w=206",
                    "display_name": "Detergent roba adéu a separar Micolor en gel",
                    "bunch_selector": false,
                    "price_instructions": {
                        "iva": 21,
                        "is_new": false,
                        "is_pack": false,
                        "pack_size": null,
                        "unit_name": "rentades",
                        "unit_size": 1.6,
                        "bulk_price": "4.34",
                        "unit_price": "6.95",
                        "approx_size": false,
                        "size_format": "l",
                        "total_units": 32,
                        "unit_selector": true,
                        "bunch_selector": false,
                        "drained_weight": null,
                        "price_decreased": false,
                        "reference_price": "0.22",
                        "min_bunch_amount": 1.0,
                        "reference_format": "lv",
                        "increment_bunch_amount": 1.0
                    }
                },
                {
                    "id": "40157",
                    "limit": 1000,
                    "badges": {
                        "is_water": false,
                        "requires_age_check": false
                    },
                    "packaging": "Ampolla",
                    "thumbnail": "https://prod-mercadona.imgix.net/20190521/57/40157/vlc1/40157_00_02.jpg?fit=crop&h=206&w=206",
                    "display_name": "Llevataques manchas Bosque Verde",
                    "bunch_selector": false,
                    "price_instructions": {
                        "iva": 21,
                        "is_new": false,
                        "is_pack": false,
                        "pack_size": null,
                        "unit_name": null,
                        "unit_size": 0.75,
                        "bulk_price": "2.67",
                        "unit_price": "2.00",
                        "approx_size": false,
                        "size_format": "l",
                        "total_units": null,
                        "unit_selector": true,
                        "bunch_selector": false,
                        "drained_weight": null,
                        "price_decreased": false,
                        "reference_price": "2.67",
                        "min_bunch_amount": 1.0,
                        "reference_format": "L",
                        "increment_bunch_amount": 1.0
                    }
                },
                {
                    "id": "40167",
                    "limit": 1000,
                    "badges": {
                        "is_water": false,
                        "requires_age_check": false
                    },
                    "packaging": "Ampolla",
                    "thumbnail": "https://prod-mercadona.imgix.net/20190521/67/40167/vlc1/40167_00_02.jpg?fit=crop&h=206&w=206",
                    "display_name": "Detergent roba frescor duradora Micolor líquid",
                    "bunch_selector": false,
                    "price_instructions": {
                        "iva": 21,
                        "is_new": false,
                        "is_pack": false,
                        "pack_size": null,
                        "unit_name": "rentades",
                        "unit_size": 1.1,
                        "bulk_price": "3.63",
                        "unit_price": "3.99",
                        "approx_size": false,
                        "size_format": "l",
                        "total_units": 22,
                        "unit_selector": true,
                        "bunch_selector": false,
                        "drained_weight": null,
                        "price_decreased": false,
                        "reference_price": "0.18",
                        "min_bunch_amount": 1.0,
                        "reference_format": "lv",
                        "increment_bunch_amount": 1.0
                    }
                },
                {
                    "id": "40025",
                    "limit": 1000,
                    "badges": {
                        "is_water": false,
                        "requires_age_check": false
                    },
                    "packaging": "Capsa",
                    "thumbnail": "https://prod-mercadona.imgix.net/20190521/25/40025/vlc1/40025_00_02.jpg?fit=crop&h=206&w=206",
                    "display_name": "Detergent roba blanca i de color Bosque Verde en càpsules",
                    "bunch_selector": false,
                    "price_instructions": {
                        "iva": 21,
                        "is_new": false,
                        "is_pack": false,
                        "pack_size": null,
                        "unit_name": "càpsules",
                        "unit_size": 0.524,
                        "bulk_price": "0.18",
                        "unit_price": "3.65",
                        "approx_size": false,
                        "size_format": "kg",
                        "total_units": 20,
                        "unit_selector": true,
                        "bunch_selector": false,
                        "drained_weight": null,
                        "price_decreased": false,
                        "reference_price": "0.18",
                        "min_bunch_amount": 1.0,
                        "reference_format": "lv",
                        "increment_bunch_amount": 1.0
                    }
                },
                {
                    "id": "40042",
                    "limit": 1000,
                    "badges": {
                        "is_water": false,
                        "requires_age_check": false
                    },
                    "packaging": "Capsa",
                    "thumbnail": "https://prod-mercadona.imgix.net/20190521/42/40042/vlc1/40042_00_02.jpg?fit=crop&h=206&w=206",
                    "display_name": "Detergent roba somnis de primavera Bosque Verde en càpsules",
                    "bunch_selector": false,
                    "price_instructions": {
                        "iva": 21,
                        "is_new": false,
                        "is_pack": false,
                        "pack_size": null,
                        "unit_name": "càpsules",
                        "unit_size": 0.524,
                        "bulk_price": "6.29",
                        "unit_price": "3.65",
                        "approx_size": false,
                        "size_format": "kg",
                        "total_units": 20,
                        "unit_selector": true,
                        "bunch_selector": false,
                        "drained_weight": null,
                        "price_decreased": false,
                        "reference_price": "0.18",
                        "min_bunch_amount": 1.0,
                        "reference_format": "lv",
                        "increment_bunch_amount": 1.0
                    }
                },
                {
                    "id": "40434",
                    "limit": 1000,
                    "badges": {
                        "is_water": false,
                        "requires_age_check": false
                    },
                    "packaging": "Capsa",
                    "thumbnail": "https://prod-mercadona.imgix.net/20190521/34/40434/vlc1/40434_00_02.jpg?fit=crop&h=206&w=206",
                    "display_name": "Detergent roba poder duo Bosque Verde en càpsules",
                    "bunch_selector": false,
                    "price_instructions": {
                        "iva": 21,
                        "is_new": false,
                        "is_pack": false,
                        "pack_size": null,
                        "unit_name": "càpsules",
                        "unit_size": 0.4716,
                        "bulk_price": "7.18",
                        "unit_price": "3.75",
                        "approx_size": false,
                        "size_format": "kg",
                        "total_units": 18,
                        "unit_selector": true,
                        "bunch_selector": false,
                        "drained_weight": null,
                        "price_decreased": false,
                        "reference_price": "0.21",
                        "min_bunch_amount": 1.0,
                        "reference_format": "lv",
                        "increment_bunch_amount": 1.0
                    }
                },
                {
                    "id": "40172",
                    "limit": 1000,
                    "badges": {
                        "is_water": false,
                        "requires_age_check": false
                    },
                    "packaging": "Capsa",
                    "thumbnail": "https://prod-mercadona.imgix.net/20190521/72/40172/vlc1/40172_00_02.jpg?fit=crop&h=206&w=206",
                    "display_name": "Detergent roba 3 en 1 Ariel en càpsules",
                    "bunch_selector": false,
                    "price_instructions": {
                        "iva": 21,
                        "is_new": false,
                        "is_pack": false,
                        "pack_size": null,
                        "unit_name": "càpsules",
                        "unit_size": 0.405,
                        "bulk_price": "0.32",
                        "unit_price": "4.85",
                        "approx_size": false,
                        "size_format": "kg",
                        "total_units": 15,
                        "unit_selector": true,
                        "bunch_selector": false,
                        "drained_weight": null,
                        "price_decreased": false,
                        "reference_price": "0.32",
                        "min_bunch_amount": 1.0,
                        "reference_format": "lv",
                        "increment_bunch_amount": 1.0
                    }
                },
                {
                    "id": "40240",
                    "limit": 1000,
                    "badges": {
                        "is_water": false,
                        "requires_age_check": false
                    },
                    "packaging": "Paquet",
                    "thumbnail": "https://prod-mercadona.imgix.net/20190521/40/40240/vlc1/40240_00_02.jpg?fit=crop&h=206&w=206",
                    "display_name": "Percarbonat blanquejant Bosque Verde",
                    "bunch_selector": false,
                    "price_instructions": {
                        "iva": 21,
                        "is_new": false,
                        "is_pack": false,
                        "pack_size": null,
                        "unit_name": null,
                        "unit_size": 0.75,
                        "bulk_price": "2.33",
                        "unit_price": "1.75",
                        "approx_size": false,
                        "size_format": "kg",
                        "total_units": null,
                        "unit_selector": true,
                        "bunch_selector": false,
                        "drained_weight": null,
                        "price_decreased": false,
                        "reference_price": "2.33",
                        "min_bunch_amount": 1.0,
                        "reference_format": "kg",
                        "increment_bunch_amount": 1.0
                    }
                },
                {
                    "id": "42180",
                    "limit": 1000,
                    "badges": {
                        "is_water": false,
                        "requires_age_check": false
                    },
                    "packaging": "Ampolla",
                    "thumbnail": "https://prod-mercadona.imgix.net/20190521/80/42180/vlc1/42180_00_02.jpg?fit=crop&h=206&w=206",
                    "display_name": "Netejador de rentadores Bosque Verde líquid",
                    "bunch_selector": false,
                    "price_instructions": {
                        "iva": 21,
                        "is_new": false,
                        "is_pack": false,
                        "pack_size": null,
                        "unit_name": null,
                        "unit_size": 0.25,
                        "bulk_price": "7.40",
                        "unit_price": "1.85",
                        "approx_size": false,
                        "size_format": "l",
                        "total_units": null,
                        "unit_selector": true,
                        "bunch_selector": false,
                        "drained_weight": null,
                        "price_decreased": false,
                        "reference_price": "7.40",
                        "min_bunch_amount": 1.0,
                        "reference_format": "L",
                        "increment_bunch_amount": 1.0
                    }
                },
                {
                    "id": "40743",
                    "limit": 1000,
                    "badges": {
                        "is_water": false,
                        "requires_age_check": false
                    },
                    "packaging": "Ampolla",
                    "thumbnail": "https://prod-mercadona.imgix.net/20190521/43/40743/vlc1/40743_00_02.jpg?fit=crop&h=206&w=206",
                    "display_name": "Suavitzant roba nutrive Bosque Verde concentrat",
                    "bunch_selector": false,
                    "price_instructions": {
                        "iva": 21,
                        "is_new": false,
                        "is_pack": false,
                        "pack_size": null,
                        "unit_name": "rentades",
                        "unit_size": 2.0,
                        "bulk_price": "0.90",
                        "unit_price": "1.79",
                        "approx_size": false,
                        "size_format": "l",
                        "total_units": 80,
                        "unit_selector": true,
                        "bunch_selector": false,
                        "drained_weight": null,
                        "price_decreased": false,
                        "reference_price": "0.90",
                        "min_bunch_amount": 1.0,
                        "reference_format": "L",
                        "increment_bunch_amount": 1.0
                    }
                },
                {
                    "id": "40753",
                    "limit": 1000,
                    "badges": {
                        "is_water": false,
                        "requires_age_check": false
                    },
                    "packaging": "Ampolla",
                    "thumbnail": "https://prod-mercadona.imgix.net/20190521/53/40753/vlc1/40753_00_02.jpg?fit=crop&h=206&w=206",
                    "display_name": "Suavitzant roba talc Bosque Verde concentrat",
                    "bunch_selector": false,
                    "price_instructions": {
                        "iva": 21,
                        "is_new": false,
                        "is_pack": false,
                        "pack_size": null,
                        "unit_name": "rentades",
                        "unit_size": 2.0,
                        "bulk_price": "0.90",
                        "unit_price": "1.79",
                        "approx_size": false,
                        "size_format": "l",
                        "total_units": 80,
                        "unit_selector": true,
                        "bunch_selector": false,
                        "drained_weight": null,
                        "price_decreased": false,
                        "reference_price": "0.90",
                        "min_bunch_amount": 1.0,
                        "reference_format": "L",
                        "increment_bunch_amount": 1.0
                    }
                },
                {
                    "id": "40757",
                    "limit": 1000,
                    "badges": {
                        "is_water": false,
                        "requires_age_check": false
                    },
                    "packaging": "Ampolla",
                    "thumbnail": "https://prod-mercadona.imgix.net/20190521/57/40757/vlc1/40757_00_02.jpg?fit=crop&h=206&w=206",
                    "display_name": "Suavitzant roba spa Bosque Verde concentrat",
                    "bunch_selector": false,
                    "price_instructions": {
                        "iva": 21,
                        "is_new": false,
                        "is_pack": false,
                        "pack_size": null,
                        "unit_name": "rentades",
                        "unit_size": 2.0,
                        "bulk_price": "0.90",
                        "unit_price": "1.79",
                        "approx_size": false,
                        "size_format": "l",
                        "total_units": 80,
                        "unit_selector": true,
                        "bunch_selector": false,
                        "drained_weight": null,
                        "price_decreased": false,
                        "reference_price": "0.90",
                        "min_bunch_amount": 1.0,
                        "reference_format": "L",
                        "increment_bunch_amount": 1.0
                    }
                },
                {
                    "id": "40239",
                    "limit": 1000,
                    "badges": {
                        "is_water": false,
                        "requires_age_check": false
                    },
                    "packaging": "Paquet",
                    "thumbnail": "https://prod-mercadona.imgix.net/20190521/39/40239/vlc1/40239_00_02.jpg?fit=crop&h=206&w=206",
                    "display_name": "Limpión llevataques Bosque Verde",
                    "bunch_selector": false,
                    "price_instructions": {
                        "iva": 21,
                        "is_new": false,
                        "is_pack": false,
                        "pack_size": null,
                        "unit_name": null,
                        "unit_size": 1.0,
                        "bulk_price": "1.75",
                        "unit_price": "1.75",
                        "approx_size": false,
                        "size_format": "kg",
                        "total_units": null,
                        "unit_selector": true,
                        "bunch_selector": false,
                        "drained_weight": null,
                        "price_decreased": false,
                        "reference_price": "1.75",
                        "min_bunch_amount": 1.0,
                        "reference_format": "kg",
                        "increment_bunch_amount": 1.0
                    }
                },
                {
                    "id": "44452",
                    "limit": 1000,
                    "badges": {
                        "is_water": false,
                        "requires_age_check": false
                    },
                    "packaging": "Pot",
                    "thumbnail": "https://prod-mercadona.imgix.net/20190521/52/44452/vlc1/44452_00_02.jpg?fit=crop&h=206&w=206",
                    "display_name": "Llevataques d'òxid i desodorant Dr. Beckmann",
                    "bunch_selector": false,
                    "price_instructions": {
                        "iva": 21,
                        "is_new": false,
                        "is_pack": false,
                        "pack_size": null,
                        "unit_name": null,
                        "unit_size": 0.05,
                        "bulk_price": "45.60",
                        "unit_price": "2.28",
                        "approx_size": false,
                        "size_format": "l",
                        "total_units": null,
                        "unit_selector": true,
                        "bunch_selector": false,
                        "drained_weight": null,
                        "price_decreased": false,
                        "reference_price": "45.60",
                        "min_bunch_amount": 1.0,
                        "reference_format": "L",
                        "increment_bunch_amount": 1.0
                    }
                }
            ],
            "is_extended": false
        },
        {
            "id": 237,
            "name": "Fregall, baieta i guants",
            "layout": 1,
            "products": [
                {
                    "id": "71298",
                    "limit": 1000,
                    "badges": {
                        "is_water": false,
                        "requires_age_check": false
                    },
                    "packaging": "Paquet",
                    "thumbnail": "https://prod-mercadona.imgix.net/20190521/98/71298/vlc1/71298_00_02.jpg?fit=crop&h=206&w=206",
                    "display_name": "Guants 100 % nitril Rubberex talla mitjana",
                    "bunch_selector": false,
                    "price_instructions": {
                        "iva": 21,
                        "is_new": false,
                        "is_pack": false,
                        "pack_size": null,
                        "unit_name": "u.",
                        "unit_size": 1.0,
                        "bulk_price": "0.80",
                        "unit_price": "1.60",
                        "approx_size": false,
                        "size_format": "ud",
                        "total_units": 2,
                        "unit_selector": true,
                        "bunch_selector": false,
                        "drained_weight": null,
                        "price_decreased": false,
                        "reference_price": "0.80",
                        "min_bunch_amount": 1.0,
                        "reference_format": "ud",
                        "increment_bunch_amount": 1.0
                    }
                },
                {
                    "id": "71299",
                    "limit": 1000,
                    "badges": {
                        "is_water": false,
                        "requires_age_check": false
                    },
                    "packaging": "Paquet",
                    "thumbnail": "https://prod-mercadona.imgix.net/20190521/99/71299/vlc1/71299_00_02.jpg?fit=crop&h=206&w=206",
                    "display_name": "Guants 100 % nitril Rubberex talla gran",
                    "bunch_selector": false,
                    "price_instructions": {
                        "iva": 21,
                        "is_new": false,
                        "is_pack": false,
                        "pack_size": null,
                        "unit_name": "u.",
                        "unit_size": 1.0,
                        "bulk_price": "0.80",
                        "unit_price": "1.60",
                        "approx_size": false,
                        "size_format": "ud",
                        "total_units": 2,
                        "unit_selector": true,
                        "bunch_selector": false,
                        "drained_weight": null,
                        "price_decreased": false,
                        "reference_price": "0.80",
                        "min_bunch_amount": 1.0,
                        "reference_format": "ud",
                        "increment_bunch_amount": 1.0
                    }
                },
                {
                    "id": "72103",
                    "limit": 1000,
                    "badges": {
                        "is_water": false,
                        "requires_age_check": false
                    },
                    "packaging": "Paquet",
                    "thumbnail": "https://prod-mercadona.imgix.net/20190521/03/72103/vlc1/72103_00_02.jpg?fit=crop&h=206&w=206",
                    "display_name": "Guants de làtex Rubberex talla mitjana",
                    "bunch_selector": false,
                    "price_instructions": {
                        "iva": 21,
                        "is_new": false,
                        "is_pack": false,
                        "pack_size": null,
                        "unit_name": "u.",
                        "unit_size": 1.0,
                        "bulk_price": "0.35",
                        "unit_price": "0.70",
                        "approx_size": false,
                        "size_format": "ud",
                        "total_units": 2,
                        "unit_selector": true,
                        "bunch_selector": false,
                        "drained_weight": null,
                        "price_decreased": false,
                        "reference_price": "0.35",
                        "min_bunch_amount": 1.0,
                        "reference_format": "ud",
                        "increment_bunch_amount": 1.0
                    }
                },
                {
                    "id": "72102",
                    "limit": 1000,
                    "badges": {
                        "is_water": false,
                        "requires_age_check": false
                    },
                    "packaging": "Paquet",
                    "thumbnail": "https://prod-mercadona.imgix.net/20190521/02/72102/vlc1/72102_00_02.jpg?fit=crop&h=206&w=206",
                    "display_name": "Guants de làtex Rubberex talla petita",
                    "bunch_selector": false,
                    "price_instructions": {
                        "iva": 21,
                        "is_new": false,
                        "is_pack": false,
                        "pack_size": null,
                        "unit_name": "u.",
                        "unit_size": 1.0,
                        "bulk_price": "0.35",
                        "unit_price": "0.70",
                        "approx_size": false,
                        "size_format": "ud",
                        "total_units": 2,
                        "unit_selector": true,
                        "bunch_selector": false,
                        "drained_weight": null,
                        "price_decreased": false,
                        "reference_price": "0.35",
                        "min_bunch_amount": 1.0,
                        "reference_format": "ud",
                        "increment_bunch_amount": 1.0
                    }
                },
                {
                    "id": "72105",
                    "limit": 1000,
                    "badges": {
                        "is_water": false,
                        "requires_age_check": false
                    },
                    "packaging": "Paquet",
                    "thumbnail": "https://prod-mercadona.imgix.net/20190521/05/72105/vlc1/72105_00_02.jpg?fit=crop&h=206&w=206",
                    "display_name": "Guants de làtex Rubberex talla gran",
                    "bunch_selector": false,
                    "price_instructions": {
                        "iva": 21,
                        "is_new": false,
                        "is_pack": false,
                        "pack_size": null,
                        "unit_name": "u.",
                        "unit_size": 1.0,
                        "bulk_price": "0.35",
                        "unit_price": "0.70",
                        "approx_size": false,
                        "size_format": "ud",
                        "total_units": 2,
                        "unit_selector": true,
                        "bunch_selector": false,
                        "drained_weight": null,
                        "price_decreased": false,
                        "reference_price": "0.35",
                        "min_bunch_amount": 1.0,
                        "reference_format": "ud",
                        "increment_bunch_amount": 1.0
                    }
                },
                {
                    "id": "71281",
                    "limit": 1000,
                    "badges": {
                        "is_water": false,
                        "requires_age_check": false
                    },
                    "packaging": "Paquet",
                    "thumbnail": "https://prod-mercadona.imgix.net/20190521/81/71281/vlc1/71281_00_02.jpg?fit=crop&h=206&w=206",
                    "display_name": "Guants de làtex Rubberex talla mitjana",
                    "bunch_selector": false,
                    "price_instructions": {
                        "iva": 21,
                        "is_new": false,
                        "is_pack": false,
                        "pack_size": null,
                        "unit_name": "u.",
                        "unit_size": 1.0,
                        "bulk_price": "0.68",
                        "unit_price": "1.35",
                        "approx_size": false,
                        "size_format": "ud",
                        "total_units": 2,
                        "unit_selector": true,
                        "bunch_selector": false,
                        "drained_weight": null,
                        "price_decreased": false,
                        "reference_price": "0.68",
                        "min_bunch_amount": 1.0,
                        "reference_format": "ud",
                        "increment_bunch_amount": 1.0
                    }
                },
                {
                    "id": "71297",
                    "limit": 1000,
                    "badges": {
                        "is_water": false,
                        "requires_age_check": false
                    },
                    "packaging": "Paquet",
                    "thumbnail": "https://prod-mercadona.imgix.net/20190521/97/71297/vlc1/71297_00_02.jpg?fit=crop&h=206&w=206",
                    "display_name": "Guants 100 % nitril Rubberex talla petita",
                    "bunch_selector": false,
                    "price_instructions": {
                        "iva": 21,
                        "is_new": false,
                        "is_pack": false,
                        "pack_size": null,
                        "unit_name": "u.",
                        "unit_size": 1.0,
                        "bulk_price": "0.80",
                        "unit_price": "1.60",
                        "approx_size": false,
                        "size_format": "ud",
                        "total_units": 2,
                        "unit_selector": true,
                        "bunch_selector": false,
                        "drained_weight": null,
                        "price_decreased": false,
                        "reference_price": "0.80",
                        "min_bunch_amount": 1.0,
                        "reference_format": "ud",
                        "increment_bunch_amount": 1.0
                    }
                },
                {
                    "id": "71282",
                    "limit": 1000,
                    "badges": {
                        "is_water": false,
                        "requires_age_check": false
                    },
                    "packaging": "Paquet",
                    "thumbnail": "https://prod-mercadona.imgix.net/20190521/82/71282/vlc1/71282_00_02.jpg?fit=crop&h=206&w=206",
                    "display_name": "Guants de làtex Rubberex talla gran",
                    "bunch_selector": false,
                    "price_instructions": {
                        "iva": 21,
                        "is_new": false,
                        "is_pack": false,
                        "pack_size": null,
                        "unit_name": "u.",
                        "unit_size": 1.0,
                        "bulk_price": "0.68",
                        "unit_price": "1.35",
                        "approx_size": false,
                        "size_format": "ud",
                        "total_units": 2,
                        "unit_selector": true,
                        "bunch_selector": false,
                        "drained_weight": null,
                        "price_decreased": false,
                        "reference_price": "0.68",
                        "min_bunch_amount": 1.0,
                        "reference_format": "ud",
                        "increment_bunch_amount": 1.0
                    }
                },
                {
                    "id": "71280",
                    "limit": 1000,
                    "badges": {
                        "is_water": false,
                        "requires_age_check": false
                    },
                    "packaging": "Paquet",
                    "thumbnail": "https://prod-mercadona.imgix.net/20190521/80/71280/vlc1/71280_00_02.jpg?fit=crop&h=206&w=206",
                    "display_name": "Guants de làtex Rubberex talla petita",
                    "bunch_selector": false,
                    "price_instructions": {
                        "iva": 21,
                        "is_new": false,
                        "is_pack": false,
                        "pack_size": null,
                        "unit_name": "u.",
                        "unit_size": 1.0,
                        "bulk_price": "0.68",
                        "unit_price": "1.35",
                        "approx_size": false,
                        "size_format": "ud",
                        "total_units": 2,
                        "unit_selector": true,
                        "bunch_selector": false,
                        "drained_weight": null,
                        "price_decreased": false,
                        "reference_price": "0.68",
                        "min_bunch_amount": 1.0,
                        "reference_format": "ud",
                        "increment_bunch_amount": 1.0
                    }
                },
                {
                    "id": "71226",
                    "limit": 1000,
                    "badges": {
                        "is_water": false,
                        "requires_age_check": false
                    },
                    "packaging": "Capsa",
                    "thumbnail": "https://prod-mercadona.imgix.net/20190521/26/71226/vlc1/71226_00_02.jpg?fit=crop&h=206&w=206",
                    "display_name": "Guants de nitril Bosque Verde talla mitjana",
                    "bunch_selector": false,
                    "price_instructions": {
                        "iva": 21,
                        "is_new": false,
                        "is_pack": false,
                        "pack_size": null,
                        "unit_name": "u.",
                        "unit_size": 1.0,
                        "bulk_price": "0.08",
                        "unit_price": "2.50",
                        "approx_size": false,
                        "size_format": "ud",
                        "total_units": 30,
                        "unit_selector": true,
                        "bunch_selector": false,
                        "drained_weight": null,
                        "price_decreased": false,
                        "reference_price": "0.083",
                        "min_bunch_amount": 1.0,
                        "reference_format": "ud",
                        "increment_bunch_amount": 1.0
                    }
                },
                {
                    "id": "71227",
                    "limit": 1000,
                    "badges": {
                        "is_water": false,
                        "requires_age_check": false
                    },
                    "packaging": "Capsa",
                    "thumbnail": "https://prod-mercadona.imgix.net/20190521/27/71227/vlc1/71227_00_02.jpg?fit=crop&h=206&w=206",
                    "display_name": "Guants de nitril Bosque Verde talla gran",
                    "bunch_selector": false,
                    "price_instructions": {
                        "iva": 21,
                        "is_new": false,
                        "is_pack": false,
                        "pack_size": null,
                        "unit_name": "u.",
                        "unit_size": 1.0,
                        "bulk_price": "0.08",
                        "unit_price": "2.50",
                        "approx_size": false,
                        "size_format": "ud",
                        "total_units": 30,
                        "unit_selector": true,
                        "bunch_selector": false,
                        "drained_weight": null,
                        "price_decreased": false,
                        "reference_price": "0.083",
                        "min_bunch_amount": 1.0,
                        "reference_format": "ud",
                        "increment_bunch_amount": 1.0
                    }
                },
                {
                    "id": "71225",
                    "limit": 1000,
                    "badges": {
                        "is_water": false,
                        "requires_age_check": false
                    },
                    "packaging": "Capsa",
                    "thumbnail": "https://prod-mercadona.imgix.net/20190521/25/71225/vlc1/71225_00_02.jpg?fit=crop&h=206&w=206",
                    "display_name": "Guants de nitril Bosque Verde talla petita",
                    "bunch_selector": false,
                    "price_instructions": {
                        "iva": 21,
                        "is_new": false,
                        "is_pack": false,
                        "pack_size": null,
                        "unit_name": "u.",
                        "unit_size": 1.0,
                        "bulk_price": "0.08",
                        "unit_price": "2.50",
                        "approx_size": false,
                        "size_format": "ud",
                        "total_units": 30,
                        "unit_selector": true,
                        "bunch_selector": false,
                        "drained_weight": null,
                        "price_decreased": false,
                        "reference_price": "0.083",
                        "min_bunch_amount": 1.0,
                        "reference_format": "ud",
                        "increment_bunch_amount": 1.0
                    }
                },
                {
                    "id": "71266",
                    "limit": 1000,
                    "badges": {
                        "is_water": false,
                        "requires_age_check": false
                    },
                    "packaging": "Paquet",
                    "thumbnail": "https://prod-mercadona.imgix.net/20190521/66/71266/vlc1/71266_00_02.jpg?fit=crop&h=206&w=206",
                    "display_name": "Guants de làtex Rubberex talla mitjana",
                    "bunch_selector": false,
                    "price_instructions": {
                        "iva": 21,
                        "is_new": false,
                        "is_pack": false,
                        "pack_size": null,
                        "unit_name": "u.",
                        "unit_size": 1.0,
                        "bulk_price": "0.35",
                        "unit_price": "0.70",
                        "approx_size": false,
                        "size_format": "ud",
                        "total_units": 2,
                        "unit_selector": true,
                        "bunch_selector": false,
                        "drained_weight": null,
                        "price_decreased": false,
                        "reference_price": "0.35",
                        "min_bunch_amount": 1.0,
                        "reference_format": "ud",
                        "increment_bunch_amount": 1.0
                    }
                },
                {
                    "id": "71202",
                    "limit": 1000,
                    "badges": {
                        "is_water": false,
                        "requires_age_check": false
                    },
                    "packaging": "Capsa",
                    "thumbnail": "https://prod-mercadona.imgix.net/20190521/02/71202/vlc1/71202_00_00.jpg?fit=crop&h=206&w=206",
                    "display_name": "Guants de làtex TSL talla mitjana-gran",
                    "bunch_selector": false,
                    "price_instructions": {
                        "iva": 21,
                        "is_new": false,
                        "is_pack": false,
                        "pack_size": null,
                        "unit_name": "u.",
                        "unit_size": 1.0,
                        "bulk_price": "0.05",
                        "unit_price": "2.50",
                        "approx_size": false,
                        "size_format": "ud",
                        "total_units": 50,
                        "unit_selector": true,
                        "bunch_selector": false,
                        "drained_weight": null,
                        "price_decreased": false,
                        "reference_price": "0.050",
                        "min_bunch_amount": 1.0,
                        "reference_format": "ud",
                        "increment_bunch_amount": 1.0
                    }
                },
                {
                    "id": "71203",
                    "limit": 1000,
                    "badges": {
                        "is_water": false,
                        "requires_age_check": false
                    },
                    "packaging": "Capsa",
                    "thumbnail": "https://prod-mercadona.imgix.net/20190521/03/71203/vlc1/71203_00_00.jpg?fit=crop&h=206&w=206",
                    "display_name": "Guants de làtex TSL talla petita-mitjana",
                    "bunch_selector": false,
                    "price_instructions": {
                        "iva": 21,
                        "is_new": false,
                        "is_pack": false,
                        "pack_size": null,
                        "unit_name": "u.",
                        "unit_size": 1.0,
                        "bulk_price": "0.05",
                        "unit_price": "2.50",
                        "approx_size": false,
                        "size_format": "ud",
                        "total_units": 50,
                        "unit_selector": true,
                        "bunch_selector": false,
                        "drained_weight": null,
                        "price_decreased": false,
                        "reference_price": "0.050",
                        "min_bunch_amount": 1.0,
                        "reference_format": "ud",
                        "increment_bunch_amount": 1.0
                    }
                },
                {
                    "id": "71265",
                    "limit": 1000,
                    "badges": {
                        "is_water": false,
                        "requires_age_check": false
                    },
                    "packaging": "Paquet",
                    "thumbnail": "https://prod-mercadona.imgix.net/20190521/65/71265/vlc1/71265_00_02.jpg?fit=crop&h=206&w=206",
                    "display_name": "Guants de làtex Rubberex talla petita",
                    "bunch_selector": false,
                    "price_instructions": {
                        "iva": 21,
                        "is_new": false,
                        "is_pack": false,
                        "pack_size": null,
                        "unit_name": "u.",
                        "unit_size": 1.0,
                        "bulk_price": "0.35",
                        "unit_price": "0.70",
                        "approx_size": false,
                        "size_format": "ud",
                        "total_units": 2,
                        "unit_selector": true,
                        "bunch_selector": false,
                        "drained_weight": null,
                        "price_decreased": false,
                        "reference_price": "0.35",
                        "min_bunch_amount": 1.0,
                        "reference_format": "ud",
                        "increment_bunch_amount": 1.0
                    }
                },
                {
                    "id": "71267",
                    "limit": 1000,
                    "badges": {
                        "is_water": false,
                        "requires_age_check": false
                    },
                    "packaging": "Paquet",
                    "thumbnail": "https://prod-mercadona.imgix.net/20190521/67/71267/vlc1/71267_00_02.jpg?fit=crop&h=206&w=206",
                    "display_name": "Guants de làtex Rubberex talla gran",
                    "bunch_selector": false,
                    "price_instructions": {
                        "iva": 21,
                        "is_new": false,
                        "is_pack": false,
                        "pack_size": null,
                        "unit_name": "u.",
                        "unit_size": 1.0,
                        "bulk_price": "0.35",
                        "unit_price": "0.70",
                        "approx_size": false,
                        "size_format": "ud",
                        "total_units": 2,
                        "unit_selector": true,
                        "bunch_selector": false,
                        "drained_weight": null,
                        "price_decreased": false,
                        "reference_price": "0.35",
                        "min_bunch_amount": 1.0,
                        "reference_format": "ud",
                        "increment_bunch_amount": 1.0
                    }
                },
                {
                    "id": "71309",
                    "limit": 1000,
                    "badges": {
                        "is_water": false,
                        "requires_age_check": false
                    },
                    "packaging": "Paquet",
                    "thumbnail": "https://prod-mercadona.imgix.net/20190521/09/71309/vlc1/71309_00_02.jpg?fit=crop&h=206&w=206",
                    "display_name": "Fregall bany Bosque Verde",
                    "bunch_selector": false,
                    "price_instructions": {
                        "iva": 21,
                        "is_new": false,
                        "is_pack": false,
                        "pack_size": null,
                        "unit_name": "u.",
                        "unit_size": 1.0,
                        "bulk_price": "0.50",
                        "unit_price": "1.00",
                        "approx_size": false,
                        "size_format": "ud",
                        "total_units": 2,
                        "unit_selector": true,
                        "bunch_selector": false,
                        "drained_weight": null,
                        "price_decreased": false,
                        "reference_price": "0.50",
                        "min_bunch_amount": 1.0,
                        "reference_format": "ud",
                        "increment_bunch_amount": 1.0
                    }
                },
                {
                    "id": "71312",
                    "limit": 1000,
                    "badges": {
                        "is_water": false,
                        "requires_age_check": false
                    },
                    "packaging": "Paquet",
                    "thumbnail": "https://prod-mercadona.imgix.net/20190521/12/71312/vlc1/71312_00_02.jpg?fit=crop&h=206&w=206",
                    "display_name": "Fregall fibra verd Bosque Verde",
                    "bunch_selector": false,
                    "price_instructions": {
                        "iva": 21,
                        "is_new": false,
                        "is_pack": false,
                        "pack_size": null,
                        "unit_name": "u.",
                        "unit_size": 1.0,
                        "bulk_price": "0.25",
                        "unit_price": "1.00",
                        "approx_size": false,
                        "size_format": "ud",
                        "total_units": 4,
                        "unit_selector": true,
                        "bunch_selector": false,
                        "drained_weight": null,
                        "price_decreased": false,
                        "reference_price": "0.25",
                        "min_bunch_amount": 1.0,
                        "reference_format": "ud",
                        "increment_bunch_amount": 1.0
                    }
                },
                {
                    "id": "71313",
                    "limit": 1000,
                    "badges": {
                        "is_water": false,
                        "requires_age_check": false
                    },
                    "packaging": "Paquet",
                    "thumbnail": "https://prod-mercadona.imgix.net/20190521/13/71313/vlc1/71313_00_02.jpg?fit=crop&h=206&w=206",
                    "display_name": "Fregall sabonós Multy",
                    "bunch_selector": false,
                    "price_instructions": {
                        "iva": 21,
                        "is_new": false,
                        "is_pack": false,
                        "pack_size": null,
                        "unit_name": "u.",
                        "unit_size": 1.0,
                        "bulk_price": "0.08",
                        "unit_price": "0.85",
                        "approx_size": false,
                        "size_format": "ud",
                        "total_units": 10,
                        "unit_selector": true,
                        "bunch_selector": false,
                        "drained_weight": null,
                        "price_decreased": false,
                        "reference_price": "0.085",
                        "min_bunch_amount": 1.0,
                        "reference_format": "ud",
                        "increment_bunch_amount": 1.0
                    }
                },
                {
                    "id": "71314",
                    "limit": 1000,
                    "badges": {
                        "is_water": false,
                        "requires_age_check": false
                    },
                    "packaging": "Paquet",
                    "thumbnail": "https://prod-mercadona.imgix.net/20190521/14/71314/vlc1/71314_00_02.jpg?fit=crop&h=206&w=206",
                    "display_name": "Esborrador màgic Bosque Verde",
                    "bunch_selector": false,
                    "price_instructions": {
                        "iva": 21,
                        "is_new": false,
                        "is_pack": false,
                        "pack_size": null,
                        "unit_name": "u.",
                        "unit_size": 1.0,
                        "bulk_price": "0.48",
                        "unit_price": "1.43",
                        "approx_size": false,
                        "size_format": "ud",
                        "total_units": 3,
                        "unit_selector": true,
                        "bunch_selector": false,
                        "drained_weight": null,
                        "price_decreased": false,
                        "reference_price": "0.48",
                        "min_bunch_amount": 1.0,
                        "reference_format": "ud",
                        "increment_bunch_amount": 1.0
                    }
                },
                {
                    "id": "71341",
                    "limit": 1000,
                    "badges": {
                        "is_water": false,
                        "requires_age_check": false
                    },
                    "packaging": "Paquet",
                    "thumbnail": "https://prod-mercadona.imgix.net/20190521/41/71341/vlc1/71341_00_02.jpg?fit=crop&h=206&w=206",
                    "display_name": "Fregall salvaungles Bosque Verde superfícies delicades",
                    "bunch_selector": false,
                    "price_instructions": {
                        "iva": 21,
                        "is_new": false,
                        "is_pack": false,
                        "pack_size": null,
                        "unit_name": null,
                        "unit_size": 3.0,
                        "bulk_price": "0.27",
                        "unit_price": "0.80",
                        "approx_size": false,
                        "size_format": "ud",
                        "total_units": null,
                        "unit_selector": true,
                        "bunch_selector": false,
                        "drained_weight": null,
                        "price_decreased": false,
                        "reference_price": "0.27",
                        "min_bunch_amount": 1.0,
                        "reference_format": "ud",
                        "increment_bunch_amount": 1.0
                    }
                },
                {
                    "id": "71342",
                    "limit": 1000,
                    "badges": {
                        "is_water": false,
                        "requires_age_check": false
                    },
                    "packaging": "Paquet",
                    "thumbnail": "https://prod-mercadona.imgix.net/20190521/42/71342/vlc1/71342_00_02.jpg?fit=crop&h=206&w=206",
                    "display_name": "Fregall verd Bosque Verde amb esponja",
                    "bunch_selector": false,
                    "price_instructions": {
                        "iva": 21,
                        "is_new": false,
                        "is_pack": false,
                        "pack_size": null,
                        "unit_name": null,
                        "unit_size": 3.0,
                        "bulk_price": "0.33",
                        "unit_price": "1.00",
                        "approx_size": false,
                        "size_format": "ud",
                        "total_units": null,
                        "unit_selector": true,
                        "bunch_selector": false,
                        "drained_weight": null,
                        "price_decreased": false,
                        "reference_price": "0.33",
                        "min_bunch_amount": 1.0,
                        "reference_format": "ud",
                        "increment_bunch_amount": 1.0
                    }
                },
                {
                    "id": "71343",
                    "limit": 1000,
                    "badges": {
                        "is_water": false,
                        "requires_age_check": false
                    },
                    "packaging": "Paquet",
                    "thumbnail": "https://prod-mercadona.imgix.net/20190521/43/71343/vlc1/71343_00_02.jpg?fit=crop&h=206&w=206",
                    "display_name": "Fregall blau Bosque Verde",
                    "bunch_selector": false,
                    "price_instructions": {
                        "iva": 21,
                        "is_new": false,
                        "is_pack": false,
                        "pack_size": null,
                        "unit_name": null,
                        "unit_size": 3.0,
                        "bulk_price": "0.33",
                        "unit_price": "1.00",
                        "approx_size": false,
                        "size_format": "ud",
                        "total_units": null,
                        "unit_selector": true,
                        "bunch_selector": false,
                        "drained_weight": null,
                        "price_decreased": false,
                        "reference_price": "0.33",
                        "min_bunch_amount": 1.0,
                        "reference_format": "ud",
                        "increment_bunch_amount": 1.0
                    }
                },
                {
                    "id": "71344",
                    "limit": 1000,
                    "badges": {
                        "is_water": false,
                        "requires_age_check": false
                    },
                    "packaging": "Paquet",
                    "thumbnail": "https://prod-mercadona.imgix.net/20190516/44/71344_00_02.jpg?fit=crop&h=206&w=206",
                    "display_name": "Fregall acer inoxidable Bosque Verde",
                    "bunch_selector": false,
                    "price_instructions": {
                        "iva": 21,
                        "is_new": false,
                        "is_pack": false,
                        "pack_size": null,
                        "unit_name": "u.",
                        "unit_size": 1.0,
                        "bulk_price": "0.23",
                        "unit_price": "0.70",
                        "approx_size": false,
                        "size_format": "ud",
                        "total_units": 3,
                        "unit_selector": true,
                        "bunch_selector": false,
                        "drained_weight": null,
                        "price_decreased": false,
                        "reference_price": "0.23",
                        "min_bunch_amount": 1.0,
                        "reference_format": "ud",
                        "increment_bunch_amount": 1.0
                    }
                },
                {
                    "id": "71377",
                    "limit": 1000,
                    "badges": {
                        "is_water": false,
                        "requires_age_check": false
                    },
                    "packaging": "Paquet",
                    "thumbnail": "https://prod-mercadona.imgix.net/20190521/77/71377/vlc1/71377_00_02.jpg?fit=crop&h=206&w=206",
                    "display_name": "Fregall inox Bosque Verde",
                    "bunch_selector": false,
                    "price_instructions": {
                        "iva": 21,
                        "is_new": false,
                        "is_pack": false,
                        "pack_size": null,
                        "unit_name": null,
                        "unit_size": 1.0,
                        "bulk_price": "1.35",
                        "unit_price": "1.35",
                        "approx_size": false,
                        "size_format": "ud",
                        "total_units": null,
                        "unit_selector": true,
                        "bunch_selector": false,
                        "drained_weight": null,
                        "price_decreased": false,
                        "reference_price": "1.35",
                        "min_bunch_amount": 1.0,
                        "reference_format": "ud",
                        "increment_bunch_amount": 1.0
                    }
                },
                {
                    "id": "71378",
                    "limit": 1000,
                    "badges": {
                        "is_water": false,
                        "requires_age_check": false
                    },
                    "packaging": "Paquet",
                    "thumbnail": "https://prod-mercadona.imgix.net/20190521/78/71378/vlc1/71378_00_02.jpg?fit=crop&h=206&w=206",
                    "display_name": "Fregall bany Bosque Verde fibra blanca",
                    "bunch_selector": false,
                    "price_instructions": {
                        "iva": 21,
                        "is_new": false,
                        "is_pack": false,
                        "pack_size": null,
                        "unit_name": null,
                        "unit_size": 1.0,
                        "bulk_price": "1.00",
                        "unit_price": "1.00",
                        "approx_size": false,
                        "size_format": "ud",
                        "total_units": null,
                        "unit_selector": true,
                        "bunch_selector": false,
                        "drained_weight": null,
                        "price_decreased": false,
                        "reference_price": "1.00",
                        "min_bunch_amount": 1.0,
                        "reference_format": "ud",
                        "increment_bunch_amount": 1.0
                    }
                },
                {
                    "id": "71380",
                    "limit": 1000,
                    "badges": {
                        "is_water": false,
                        "requires_age_check": false
                    },
                    "packaging": "Paquet",
                    "thumbnail": "https://prod-mercadona.imgix.net/20190521/80/71380/vlc1/71380_00_02.jpg?fit=crop&h=206&w=206",
                    "display_name": "Fregall brutícia resistent Bosque Verde",
                    "bunch_selector": false,
                    "price_instructions": {
                        "iva": 21,
                        "is_new": false,
                        "is_pack": false,
                        "pack_size": null,
                        "unit_name": null,
                        "unit_size": 3.0,
                        "bulk_price": "0.25",
                        "unit_price": "0.75",
                        "approx_size": false,
                        "size_format": "ud",
                        "total_units": null,
                        "unit_selector": true,
                        "bunch_selector": false,
                        "drained_weight": null,
                        "price_decreased": false,
                        "reference_price": "0.25",
                        "min_bunch_amount": 1.0,
                        "reference_format": "ud",
                        "increment_bunch_amount": 1.0
                    }
                },
                {
                    "id": "71388",
                    "limit": 1000,
                    "badges": {
                        "is_water": false,
                        "requires_age_check": false
                    },
                    "packaging": "Paquet",
                    "thumbnail": "https://prod-mercadona.imgix.net/20190521/88/71388/vlc1/71388_00_02.jpg?fit=crop&h=206&w=206",
                    "display_name": "Fregall neteja delicada Bosque Verde",
                    "bunch_selector": false,
                    "price_instructions": {
                        "iva": 21,
                        "is_new": false,
                        "is_pack": false,
                        "pack_size": null,
                        "unit_name": "u.",
                        "unit_size": 1.0,
                        "bulk_price": "0.32",
                        "unit_price": "0.65",
                        "approx_size": false,
                        "size_format": "ud",
                        "total_units": 2,
                        "unit_selector": true,
                        "bunch_selector": false,
                        "drained_weight": null,
                        "price_decreased": false,
                        "reference_price": "0.32",
                        "min_bunch_amount": 1.0,
                        "reference_format": "ud",
                        "increment_bunch_amount": 1.0
                    }
                },
                {
                    "id": "71713",
                    "limit": 1000,
                    "badges": {
                        "is_water": false,
                        "requires_age_check": false
                    },
                    "packaging": null,
                    "thumbnail": "https://prod-mercadona.imgix.net/20190521/13/71713/vlc1/71713_00_02.jpg?fit=crop&h=206&w=206",
                    "display_name": "Raspall de rentar plats Bosque Verde",
                    "bunch_selector": false,
                    "price_instructions": {
                        "iva": 21,
                        "is_new": false,
                        "is_pack": false,
                        "pack_size": null,
                        "unit_name": null,
                        "unit_size": 1.0,
                        "bulk_price": "1.20",
                        "unit_price": "1.20",
                        "approx_size": false,
                        "size_format": "ud",
                        "total_units": null,
                        "unit_selector": true,
                        "bunch_selector": false,
                        "drained_weight": null,
                        "price_decreased": false,
                        "reference_price": "1.20",
                        "min_bunch_amount": 1.0,
                        "reference_format": "ud",
                        "increment_bunch_amount": 1.0
                    }
                },
                {
                    "id": "71003",
                    "limit": 1000,
                    "badges": {
                        "is_water": false,
                        "requires_age_check": false
                    },
                    "packaging": "Paquet",
                    "thumbnail": "https://prod-mercadona.imgix.net/20190521/03/71003/vlc1/71003_00_02.jpg?fit=crop&h=206&w=206",
                    "display_name": "Baieta petita Bosque Verde microfibra",
                    "bunch_selector": false,
                    "price_instructions": {
                        "iva": 21,
                        "is_new": false,
                        "is_pack": false,
                        "pack_size": null,
                        "unit_name": "u.",
                        "unit_size": 1.0,
                        "bulk_price": "0.58",
                        "unit_price": "1.75",
                        "approx_size": false,
                        "size_format": "ud",
                        "total_units": 3,
                        "unit_selector": true,
                        "bunch_selector": false,
                        "drained_weight": null,
                        "price_decreased": false,
                        "reference_price": "0.58",
                        "min_bunch_amount": 1.0,
                        "reference_format": "ud",
                        "increment_bunch_amount": 1.0
                    }
                },
                {
                    "id": "71008",
                    "limit": 1000,
                    "badges": {
                        "is_water": false,
                        "requires_age_check": false
                    },
                    "packaging": "Paquet",
                    "thumbnail": "https://prod-mercadona.imgix.net/20190521/08/71008/vlc1/71008_00_02.jpg?fit=crop&h=206&w=206",
                    "display_name": "Drap microfibra multiusos Bosque Verde ulleres i pantalles",
                    "bunch_selector": false,
                    "price_instructions": {
                        "iva": 21,
                        "is_new": false,
                        "is_pack": false,
                        "pack_size": null,
                        "unit_name": null,
                        "unit_size": 1.0,
                        "bulk_price": "0.90",
                        "unit_price": "0.90",
                        "approx_size": false,
                        "size_format": "ud",
                        "total_units": null,
                        "unit_selector": true,
                        "bunch_selector": false,
                        "drained_weight": null,
                        "price_decreased": false,
                        "reference_price": "0.90",
                        "min_bunch_amount": 1.0,
                        "reference_format": "ud",
                        "increment_bunch_amount": 1.0
                    }
                },
                {
                    "id": "71012",
                    "limit": 1000,
                    "badges": {
                        "is_water": false,
                        "requires_age_check": false
                    },
                    "packaging": "Paquet",
                    "thumbnail": "https://prod-mercadona.imgix.net/20190521/12/71012/vlc1/71012_00_07.jpg?fit=crop&h=206&w=206",
                    "display_name": "Baieta gran clàssica multiusos Bosque Verde microfibra",
                    "bunch_selector": false,
                    "price_instructions": {
                        "iva": 21,
                        "is_new": false,
                        "is_pack": false,
                        "pack_size": null,
                        "unit_name": null,
                        "unit_size": 1.0,
                        "bulk_price": "0.95",
                        "unit_price": "0.95",
                        "approx_size": false,
                        "size_format": "ud",
                        "total_units": null,
                        "unit_selector": true,
                        "bunch_selector": false,
                        "drained_weight": null,
                        "price_decreased": false,
                        "reference_price": "0.95",
                        "min_bunch_amount": 1.0,
                        "reference_format": "ud",
                        "increment_bunch_amount": 1.0
                    }
                },
                {
                    "id": "71013",
                    "limit": 1000,
                    "badges": {
                        "is_water": false,
                        "requires_age_check": false
                    },
                    "packaging": "Paquet",
                    "thumbnail": "https://prod-mercadona.imgix.net/20190521/13/71013/vlc1/71013_00_07.jpg?fit=crop&h=206&w=206",
                    "display_name": "Drap de cuina Bosque Verde 100 % microfibra",
                    "bunch_selector": false,
                    "price_instructions": {
                        "iva": 21,
                        "is_new": false,
                        "is_pack": false,
                        "pack_size": null,
                        "unit_name": null,
                        "unit_size": 1.0,
                        "bulk_price": "2.00",
                        "unit_price": "2.00",
                        "approx_size": false,
                        "size_format": "ud",
                        "total_units": null,
                        "unit_selector": true,
                        "bunch_selector": false,
                        "drained_weight": null,
                        "price_decreased": false,
                        "reference_price": "2.00",
                        "min_bunch_amount": 1.0,
                        "reference_format": "ud",
                        "increment_bunch_amount": 1.0
                    }
                },
                {
                    "id": "71016",
                    "limit": 1000,
                    "badges": {
                        "is_water": false,
                        "requires_age_check": false
                    },
                    "packaging": "Paquet",
                    "thumbnail": "https://prod-mercadona.imgix.net/20190521/16/71016/vlc1/71016_00_07.jpg?fit=crop&h=206&w=206",
                    "display_name": "Baieta pols Bosque Verde microfibra",
                    "bunch_selector": false,
                    "price_instructions": {
                        "iva": 21,
                        "is_new": false,
                        "is_pack": false,
                        "pack_size": null,
                        "unit_name": null,
                        "unit_size": 1.0,
                        "bulk_price": "0.90",
                        "unit_price": "0.90",
                        "approx_size": false,
                        "size_format": "ud",
                        "total_units": null,
                        "unit_selector": true,
                        "bunch_selector": false,
                        "drained_weight": null,
                        "price_decreased": false,
                        "reference_price": "0.90",
                        "min_bunch_amount": 1.0,
                        "reference_format": "ud",
                        "increment_bunch_amount": 1.0
                    }
                },
                {
                    "id": "71020",
                    "limit": 1000,
                    "badges": {
                        "is_water": false,
                        "requires_age_check": false
                    },
                    "packaging": "Paquet",
                    "thumbnail": "https://prod-mercadona.imgix.net/20190521/20/71020/vlc1/71020_00_00.jpg?fit=crop&h=206&w=206",
                    "display_name": "Baieta vidres i miralls Bosque Verde microfibra",
                    "bunch_selector": false,
                    "price_instructions": {
                        "iva": 21,
                        "is_new": false,
                        "is_pack": false,
                        "pack_size": null,
                        "unit_name": null,
                        "unit_size": 1.0,
                        "bulk_price": "0.90",
                        "unit_price": "0.90",
                        "approx_size": false,
                        "size_format": "ud",
                        "total_units": null,
                        "unit_selector": true,
                        "bunch_selector": false,
                        "drained_weight": null,
                        "price_decreased": false,
                        "reference_price": "0.90",
                        "min_bunch_amount": 1.0,
                        "reference_format": "ud",
                        "increment_bunch_amount": 1.0
                    }
                },
                {
                    "id": "71033",
                    "limit": 1000,
                    "badges": {
                        "is_water": false,
                        "requires_age_check": false
                    },
                    "packaging": "Paquet",
                    "thumbnail": "https://prod-mercadona.imgix.net/20190521/33/71033/vlc1/71033_00_02.jpg?fit=crop&h=206&w=206",
                    "display_name": "Baieta gran Bosque Verde microfibra",
                    "bunch_selector": false,
                    "price_instructions": {
                        "iva": 21,
                        "is_new": false,
                        "is_pack": false,
                        "pack_size": null,
                        "unit_name": "u.",
                        "unit_size": 1.0,
                        "bulk_price": "0.73",
                        "unit_price": "2.20",
                        "approx_size": false,
                        "size_format": "ud",
                        "total_units": 3,
                        "unit_selector": true,
                        "bunch_selector": false,
                        "drained_weight": null,
                        "price_decreased": false,
                        "reference_price": "0.73",
                        "min_bunch_amount": 1.0,
                        "reference_format": "ud",
                        "increment_bunch_amount": 1.0
                    }
                },
                {
                    "id": "71044",
                    "limit": 1000,
                    "badges": {
                        "is_water": false,
                        "requires_age_check": false
                    },
                    "packaging": "Paquet",
                    "thumbnail": "https://prod-mercadona.imgix.net/20190521/44/71044/vlc1/71044_00_02.jpg?fit=crop&h=206&w=206",
                    "display_name": "Baieta suau multiusos Bosque Verde",
                    "bunch_selector": false,
                    "price_instructions": {
                        "iva": 21,
                        "is_new": false,
                        "is_pack": false,
                        "pack_size": null,
                        "unit_name": "u.",
                        "unit_size": 1.0,
                        "bulk_price": "0.14",
                        "unit_price": "1.27",
                        "approx_size": false,
                        "size_format": "ud",
                        "total_units": 9,
                        "unit_selector": true,
                        "bunch_selector": false,
                        "drained_weight": null,
                        "price_decreased": false,
                        "reference_price": "0.14",
                        "min_bunch_amount": 1.0,
                        "reference_format": "ud",
                        "increment_bunch_amount": 1.0
                    }
                },
                {
                    "id": "71055",
                    "limit": 1000,
                    "badges": {
                        "is_water": false,
                        "requires_age_check": false
                    },
                    "packaging": "Paquet",
                    "thumbnail": "https://prod-mercadona.imgix.net/20190521/55/71055/vlc1/71055_00_02.jpg?fit=crop&h=206&w=206",
                    "display_name": "Posaplats Bosque Verde",
                    "bunch_selector": false,
                    "price_instructions": {
                        "iva": 21,
                        "is_new": false,
                        "is_pack": false,
                        "pack_size": null,
                        "unit_name": null,
                        "unit_size": 1.0,
                        "bulk_price": "1.15",
                        "unit_price": "1.15",
                        "approx_size": false,
                        "size_format": "ud",
                        "total_units": null,
                        "unit_selector": true,
                        "bunch_selector": false,
                        "drained_weight": null,
                        "price_decreased": false,
                        "reference_price": "1.15",
                        "min_bunch_amount": 1.0,
                        "reference_format": "ud",
                        "increment_bunch_amount": 1.0
                    }
                },
                {
                    "id": "71091",
                    "limit": 1000,
                    "badges": {
                        "is_water": false,
                        "requires_age_check": false
                    },
                    "packaging": null,
                    "thumbnail": "https://prod-mercadona.imgix.net/20190521/91/71091/vlc1/71091_00_02.jpg?fit=crop&h=206&w=206",
                    "display_name": "Baieta multiusos suau en rotlle Bosque Verde",
                    "bunch_selector": false,
                    "price_instructions": {
                        "iva": 21,
                        "is_new": false,
                        "is_pack": false,
                        "pack_size": null,
                        "unit_name": null,
                        "unit_size": 1.0,
                        "bulk_price": "0.20",
                        "unit_price": "1.00",
                        "approx_size": false,
                        "size_format": "ud",
                        "total_units": null,
                        "unit_selector": true,
                        "bunch_selector": false,
                        "drained_weight": null,
                        "price_decreased": false,
                        "reference_price": "0.20",
                        "min_bunch_amount": 1.0,
                        "reference_format": "ud",
                        "increment_bunch_amount": 1.0
                    }
                },
                {
                    "id": "71109",
                    "limit": 1000,
                    "badges": {
                        "is_water": false,
                        "requires_age_check": false
                    },
                    "packaging": "Paquet",
                    "thumbnail": "https://prod-mercadona.imgix.net/20190521/09/71109/vlc1/71109_00_07.jpg?fit=crop&h=206&w=206",
                    "display_name": "Drap especial vaixelles Bosque Verde",
                    "bunch_selector": false,
                    "price_instructions": {
                        "iva": 21,
                        "is_new": false,
                        "is_pack": false,
                        "pack_size": null,
                        "unit_name": "u.",
                        "unit_size": 1.0,
                        "bulk_price": "1.10",
                        "unit_price": "2.20",
                        "approx_size": false,
                        "size_format": "ud",
                        "total_units": 2,
                        "unit_selector": true,
                        "bunch_selector": false,
                        "drained_weight": null,
                        "price_decreased": false,
                        "reference_price": "1.10",
                        "min_bunch_amount": 1.0,
                        "reference_format": "ud",
                        "increment_bunch_amount": 1.0
                    }
                }
            ],
            "is_extended": false
        },
        {
            "id": 241,
            "name": "Insecticida i ambientador",
            "layout": 1,
            "products": [
                {
                    "id": "72800",
                    "limit": 1000,
                    "badges": {
                        "is_water": false,
                        "requires_age_check": false
                    },
                    "packaging": "Capsa",
                    "thumbnail": "https://prod-mercadona.imgix.net/20190521/00/72800/vlc1/72800_00_02.jpg?fit=crop&h=206&w=206",
                    "display_name": "Difusor automàtic Glade by brise amb recanvi",
                    "bunch_selector": false,
                    "price_instructions": {
                        "iva": 21,
                        "is_new": false,
                        "is_pack": false,
                        "pack_size": null,
                        "unit_name": null,
                        "unit_size": 1.0,
                        "bulk_price": "4.99",
                        "unit_price": "4.99",
                        "approx_size": false,
                        "size_format": "ud",
                        "total_units": null,
                        "unit_selector": true,
                        "bunch_selector": false,
                        "drained_weight": null,
                        "price_decreased": false,
                        "reference_price": "4.99",
                        "min_bunch_amount": 1.0,
                        "reference_format": "ud",
                        "increment_bunch_amount": 1.0
                    }
                },
                {
                    "id": "72205",
                    "limit": 1000,
                    "badges": {
                        "is_water": false,
                        "requires_age_check": false
                    },
                    "packaging": "Capsa",
                    "thumbnail": "https://prod-mercadona.imgix.net/20190521/05/72205/vlc1/72205_00_02.jpg?fit=crop&h=206&w=206",
                    "display_name": "Insecticida elèctric antimosquits Bosque Verde",
                    "bunch_selector": false,
                    "price_instructions": {
                        "iva": 21,
                        "is_new": false,
                        "is_pack": false,
                        "pack_size": null,
                        "unit_name": null,
                        "unit_size": 1.0,
                        "bulk_price": "3.90",
                        "unit_price": "3.90",
                        "approx_size": false,
                        "size_format": "ud",
                        "total_units": null,
                        "unit_selector": true,
                        "bunch_selector": false,
                        "drained_weight": null,
                        "price_decreased": false,
                        "reference_price": "3.90",
                        "min_bunch_amount": 1.0,
                        "reference_format": "ud",
                        "increment_bunch_amount": 1.0
                    }
                },
                {
                    "id": "72413",
                    "limit": 1000,
                    "badges": {
                        "is_water": false,
                        "requires_age_check": false
                    },
                    "packaging": "Paquet",
                    "thumbnail": "https://prod-mercadona.imgix.net/20190521/13/72413/vlc1/72413_00_02.jpg?fit=crop&h=206&w=206",
                    "display_name": "Penjador antiarnes Bosque Verde lavanda",
                    "bunch_selector": false,
                    "price_instructions": {
                        "iva": 21,
                        "is_new": false,
                        "is_pack": false,
                        "pack_size": null,
                        "unit_name": "u.",
                        "unit_size": 1.0,
                        "bulk_price": "0.48",
                        "unit_price": "0.95",
                        "approx_size": false,
                        "size_format": "ud",
                        "total_units": 2,
                        "unit_selector": true,
                        "bunch_selector": false,
                        "drained_weight": null,
                        "price_decreased": false,
                        "reference_price": "0.48",
                        "min_bunch_amount": 1.0,
                        "reference_format": "ud",
                        "increment_bunch_amount": 1.0
                    }
                },
                {
                    "id": "72406",
                    "limit": 1000,
                    "badges": {
                        "is_water": false,
                        "requires_age_check": false
                    },
                    "packaging": "Paquet",
                    "thumbnail": "https://prod-mercadona.imgix.net/20190521/06/72406/vlc1/72406_00_02.jpg?fit=crop&h=206&w=206",
                    "display_name": "Bossetes antiarnes Bosque Verde lavanda",
                    "bunch_selector": false,
                    "price_instructions": {
                        "iva": 21,
                        "is_new": false,
                        "is_pack": false,
                        "pack_size": null,
                        "unit_name": "u.",
                        "unit_size": 1.0,
                        "bulk_price": "0.06",
                        "unit_price": "1.40",
                        "approx_size": false,
                        "size_format": "ud",
                        "total_units": 24,
                        "unit_selector": true,
                        "bunch_selector": false,
                        "drained_weight": null,
                        "price_decreased": false,
                        "reference_price": "0.058",
                        "min_bunch_amount": 1.0,
                        "reference_format": "ud",
                        "increment_bunch_amount": 1.0
                    }
                },
                {
                    "id": "72412",
                    "limit": 1000,
                    "badges": {
                        "is_water": false,
                        "requires_age_check": false
                    },
                    "packaging": "Paquet",
                    "thumbnail": "https://prod-mercadona.imgix.net/20190521/12/72412/vlc1/72412_00_02.jpg?fit=crop&h=206&w=206",
                    "display_name": "Pastilles antiarnes i antiàcars Bosque Verde perfumades",
                    "bunch_selector": false,
                    "price_instructions": {
                        "iva": 21,
                        "is_new": false,
                        "is_pack": false,
                        "pack_size": null,
                        "unit_name": "u.",
                        "unit_size": 1.0,
                        "bulk_price": "0.06",
                        "unit_price": "1.25",
                        "approx_size": false,
                        "size_format": "ud",
                        "total_units": 20,
                        "unit_selector": true,
                        "bunch_selector": false,
                        "drained_weight": null,
                        "price_decreased": false,
                        "reference_price": "0.062",
                        "min_bunch_amount": 1.0,
                        "reference_format": "ud",
                        "increment_bunch_amount": 1.0
                    }
                },
                {
                    "id": "72320",
                    "limit": 1000,
                    "badges": {
                        "is_water": false,
                        "requires_age_check": false
                    },
                    "packaging": "Capsa",
                    "thumbnail": "https://prod-mercadona.imgix.net/20190521/20/72320/vlc1/72320_00_02.jpg?fit=crop&h=206&w=206",
                    "display_name": "Trampa per a escarabats Bosque Verde",
                    "bunch_selector": false,
                    "price_instructions": {
                        "iva": 21,
                        "is_new": false,
                        "is_pack": false,
                        "pack_size": null,
                        "unit_name": "u.",
                        "unit_size": 1.0,
                        "bulk_price": "0.49",
                        "unit_price": "2.95",
                        "approx_size": false,
                        "size_format": "ud",
                        "total_units": 6,
                        "unit_selector": true,
                        "bunch_selector": false,
                        "drained_weight": null,
                        "price_decreased": false,
                        "reference_price": "0.49",
                        "min_bunch_amount": 1.0,
                        "reference_format": "ud",
                        "increment_bunch_amount": 1.0
                    }
                },
                {
                    "id": "40159",
                    "limit": 1000,
                    "badges": {
                        "is_water": false,
                        "requires_age_check": false
                    },
                    "packaging": "Ampolla",
                    "thumbnail": "https://prod-mercadona.imgix.net/20190521/59/40159/vlc1/40159_00_02.jpg?fit=crop&h=206&w=206",
                    "display_name": "Ambientador de teixits Bosque Verde elixir floral",
                    "bunch_selector": false,
                    "price_instructions": {
                        "iva": 21,
                        "is_new": false,
                        "is_pack": false,
                        "pack_size": null,
                        "unit_name": null,
                        "unit_size": 0.4,
                        "bulk_price": "5.50",
                        "unit_price": "2.20",
                        "approx_size": false,
                        "size_format": "l",
                        "total_units": null,
                        "unit_selector": true,
                        "bunch_selector": false,
                        "drained_weight": null,
                        "price_decreased": false,
                        "reference_price": "5.50",
                        "min_bunch_amount": 1.0,
                        "reference_format": "L",
                        "increment_bunch_amount": 1.0
                    }
                },
                {
                    "id": "72318",
                    "limit": 1000,
                    "badges": {
                        "is_water": false,
                        "requires_age_check": false
                    },
                    "packaging": "Ampolla",
                    "thumbnail": "https://prod-mercadona.imgix.net/20190521/18/72318/vlc1/72318_00_02.jpg?fit=crop&h=206&w=206",
                    "display_name": "Insecticida Bosque Verde líquid",
                    "bunch_selector": false,
                    "price_instructions": {
                        "iva": 21,
                        "is_new": false,
                        "is_pack": false,
                        "pack_size": null,
                        "unit_name": null,
                        "unit_size": 0.5,
                        "bulk_price": "5.50",
                        "unit_price": "2.75",
                        "approx_size": false,
                        "size_format": "l",
                        "total_units": null,
                        "unit_selector": true,
                        "bunch_selector": false,
                        "drained_weight": null,
                        "price_decreased": false,
                        "reference_price": "5.50",
                        "min_bunch_amount": 1.0,
                        "reference_format": "L",
                        "increment_bunch_amount": 1.0
                    }
                },
                {
                    "id": "44161",
                    "limit": 1000,
                    "badges": {
                        "is_water": false,
                        "requires_age_check": false
                    },
                    "packaging": "Capsa",
                    "thumbnail": "https://prod-mercadona.imgix.net/20190521/61/44161/vlc1/44161_00_02.jpg?fit=crop&h=206&w=206",
                    "display_name": "Difusor manual + recanvi Bosque Verde amb recanvi",
                    "bunch_selector": false,
                    "price_instructions": {
                        "iva": 21,
                        "is_new": false,
                        "is_pack": false,
                        "pack_size": null,
                        "unit_name": null,
                        "unit_size": 1.0,
                        "bulk_price": "1.80",
                        "unit_price": "1.80",
                        "approx_size": false,
                        "size_format": "ud",
                        "total_units": null,
                        "unit_selector": true,
                        "bunch_selector": false,
                        "drained_weight": null,
                        "price_decreased": false,
                        "reference_price": "1.80",
                        "min_bunch_amount": 1.0,
                        "reference_format": "ud",
                        "increment_bunch_amount": 1.0
                    }
                },
                {
                    "id": "49058",
                    "limit": 1000,
                    "badges": {
                        "is_water": false,
                        "requires_age_check": false
                    },
                    "packaging": "Got",
                    "thumbnail": "https://prod-mercadona.imgix.net/20190521/58/49058/vlc1/49058_00_02.jpg?fit=crop&h=206&w=206",
                    "display_name": "Espelma antimosques Roura perfum gerani",
                    "bunch_selector": false,
                    "price_instructions": {
                        "iva": 21,
                        "is_new": false,
                        "is_pack": false,
                        "pack_size": null,
                        "unit_name": null,
                        "unit_size": 1.0,
                        "bulk_price": "1.99",
                        "unit_price": "1.99",
                        "approx_size": false,
                        "size_format": "ud",
                        "total_units": null,
                        "unit_selector": true,
                        "bunch_selector": false,
                        "drained_weight": null,
                        "price_decreased": false,
                        "reference_price": "1.99",
                        "min_bunch_amount": 1.0,
                        "reference_format": "ud",
                        "increment_bunch_amount": 1.0
                    }
                },
                {
                    "id": "72090",
                    "limit": 1000,
                    "badges": {
                        "is_water": false,
                        "requires_age_check": false
                    },
                    "packaging": "Esprai",
                    "thumbnail": "https://prod-mercadona.imgix.net/20190521/90/72090/vlc1/72090_00_02.jpg?fit=crop&h=206&w=206",
                    "display_name": "Insecticida escarabats i formigues Bosque Verde aïlla la teva llar",
                    "bunch_selector": false,
                    "price_instructions": {
                        "iva": 21,
                        "is_new": false,
                        "is_pack": false,
                        "pack_size": null,
                        "unit_name": null,
                        "unit_size": 0.4,
                        "bulk_price": "6.62",
                        "unit_price": "2.65",
                        "approx_size": false,
                        "size_format": "l",
                        "total_units": null,
                        "unit_selector": true,
                        "bunch_selector": false,
                        "drained_weight": null,
                        "price_decreased": false,
                        "reference_price": "6.62",
                        "min_bunch_amount": 1.0,
                        "reference_format": "L",
                        "increment_bunch_amount": 1.0
                    }
                },
                {
                    "id": "72026",
                    "limit": 1000,
                    "badges": {
                        "is_water": false,
                        "requires_age_check": false
                    },
                    "packaging": "Esprai",
                    "thumbnail": "https://prod-mercadona.imgix.net/20190521/26/72026/vlc1/72026_00_02.jpg?fit=crop&h=206&w=206",
                    "display_name": "Insecticida mosques i mosquits Bosque Verde perfum llimona",
                    "bunch_selector": false,
                    "price_instructions": {
                        "iva": 21,
                        "is_new": false,
                        "is_pack": false,
                        "pack_size": null,
                        "unit_name": null,
                        "unit_size": 0.75,
                        "bulk_price": "2.47",
                        "unit_price": "1.85",
                        "approx_size": false,
                        "size_format": "l",
                        "total_units": null,
                        "unit_selector": true,
                        "bunch_selector": false,
                        "drained_weight": null,
                        "price_decreased": false,
                        "reference_price": "2.47",
                        "min_bunch_amount": 1.0,
                        "reference_format": "L",
                        "increment_bunch_amount": 1.0
                    }
                },
                {
                    "id": "72019",
                    "limit": 1000,
                    "badges": {
                        "is_water": false,
                        "requires_age_check": false
                    },
                    "packaging": "Esprai",
                    "thumbnail": "https://prod-mercadona.imgix.net/20190521/19/72019/vlc1/72019_00_02.jpg?fit=crop&h=206&w=206",
                    "display_name": "Insecticida mosques i mosquits Bosque Verde sense perfum",
                    "bunch_selector": false,
                    "price_instructions": {
                        "iva": 21,
                        "is_new": false,
                        "is_pack": false,
                        "pack_size": null,
                        "unit_name": null,
                        "unit_size": 0.75,
                        "bulk_price": "2.47",
                        "unit_price": "1.85",
                        "approx_size": false,
                        "size_format": "l",
                        "total_units": null,
                        "unit_selector": true,
                        "bunch_selector": false,
                        "drained_weight": null,
                        "price_decreased": false,
                        "reference_price": "2.47",
                        "min_bunch_amount": 1.0,
                        "reference_format": "L",
                        "increment_bunch_amount": 1.0
                    }
                },
                {
                    "id": "72034",
                    "limit": 1000,
                    "badges": {
                        "is_water": false,
                        "requires_age_check": false
                    },
                    "packaging": "Capsa",
                    "thumbnail": "https://prod-mercadona.imgix.net/20190521/34/72034/vlc1/72034_00_02.jpg?fit=crop&h=206&w=206",
                    "display_name": "Recanvi pastilles antimosquits Bosque Verde",
                    "bunch_selector": false,
                    "price_instructions": {
                        "iva": 21,
                        "is_new": false,
                        "is_pack": false,
                        "pack_size": null,
                        "unit_name": "pastilles",
                        "unit_size": 1.0,
                        "bulk_price": "0.04",
                        "unit_price": "1.16",
                        "approx_size": false,
                        "size_format": "ud",
                        "total_units": 30,
                        "unit_selector": true,
                        "bunch_selector": false,
                        "drained_weight": null,
                        "price_decreased": false,
                        "reference_price": "0.039",
                        "min_bunch_amount": 1.0,
                        "reference_format": "ud",
                        "increment_bunch_amount": 1.0
                    }
                },
                {
                    "id": "72411",
                    "limit": 1000,
                    "badges": {
                        "is_water": false,
                        "requires_age_check": false
                    },
                    "packaging": "Pot",
                    "thumbnail": "https://prod-mercadona.imgix.net/20190521/11/72411/vlc1/72411_00_02.jpg?fit=crop&h=206&w=206",
                    "display_name": "Recanvi ambientador Bosque Verde love",
                    "bunch_selector": false,
                    "price_instructions": {
                        "iva": 21,
                        "is_new": false,
                        "is_pack": false,
                        "pack_size": null,
                        "unit_name": null,
                        "unit_size": 0.25,
                        "bulk_price": "7.60",
                        "unit_price": "1.90",
                        "approx_size": false,
                        "size_format": "l",
                        "total_units": null,
                        "unit_selector": true,
                        "bunch_selector": false,
                        "drained_weight": null,
                        "price_decreased": false,
                        "reference_price": "7.60",
                        "min_bunch_amount": 1.0,
                        "reference_format": "L",
                        "increment_bunch_amount": 1.0
                    }
                },
                {
                    "id": "72405",
                    "limit": 1000,
                    "badges": {
                        "is_water": false,
                        "requires_age_check": false
                    },
                    "packaging": "Pot",
                    "thumbnail": "https://prod-mercadona.imgix.net/20190521/05/72405/vlc1/72405_00_02.jpg?fit=crop&h=206&w=206",
                    "display_name": "Recanvi ambientador Bosque Verde roba neta",
                    "bunch_selector": false,
                    "price_instructions": {
                        "iva": 21,
                        "is_new": false,
                        "is_pack": false,
                        "pack_size": null,
                        "unit_name": null,
                        "unit_size": 0.25,
                        "bulk_price": "7.60",
                        "unit_price": "1.90",
                        "approx_size": false,
                        "size_format": "l",
                        "total_units": null,
                        "unit_selector": true,
                        "bunch_selector": false,
                        "drained_weight": null,
                        "price_decreased": false,
                        "reference_price": "7.60",
                        "min_bunch_amount": 0.0,
                        "reference_format": "L",
                        "increment_bunch_amount": 0.0
                    }
                },
                {
                    "id": "72402",
                    "limit": 1000,
                    "badges": {
                        "is_water": false,
                        "requires_age_check": false
                    },
                    "packaging": "Pot",
                    "thumbnail": "https://prod-mercadona.imgix.net/20190521/02/72402/vlc1/72402_00_02.jpg?fit=crop&h=206&w=206",
                    "display_name": "Recanvi ambientador Bosque Verde floral",
                    "bunch_selector": false,
                    "price_instructions": {
                        "iva": 21,
                        "is_new": false,
                        "is_pack": false,
                        "pack_size": null,
                        "unit_name": null,
                        "unit_size": 0.25,
                        "bulk_price": "7.60",
                        "unit_price": "1.90",
                        "approx_size": false,
                        "size_format": "l",
                        "total_units": null,
                        "unit_selector": true,
                        "bunch_selector": false,
                        "drained_weight": null,
                        "price_decreased": false,
                        "reference_price": "7.60",
                        "min_bunch_amount": 1.0,
                        "reference_format": "L",
                        "increment_bunch_amount": 1.0
                    }
                },
                {
                    "id": "72410",
                    "limit": 1000,
                    "badges": {
                        "is_water": false,
                        "requires_age_check": false
                    },
                    "packaging": "Pot",
                    "thumbnail": "https://prod-mercadona.imgix.net/20190521/10/72410/vlc1/72410_00_02.jpg?fit=crop&h=206&w=206",
                    "display_name": "Recanvi ambientador Bosque Verde infantil",
                    "bunch_selector": false,
                    "price_instructions": {
                        "iva": 21,
                        "is_new": false,
                        "is_pack": false,
                        "pack_size": null,
                        "unit_name": null,
                        "unit_size": 0.25,
                        "bulk_price": "7.60",
                        "unit_price": "1.90",
                        "approx_size": false,
                        "size_format": "l",
                        "total_units": null,
                        "unit_selector": true,
                        "bunch_selector": false,
                        "drained_weight": null,
                        "price_decreased": false,
                        "reference_price": "7.60",
                        "min_bunch_amount": 1.0,
                        "reference_format": "L",
                        "increment_bunch_amount": 1.0
                    }
                },
                {
                    "id": "72409",
                    "limit": 1000,
                    "badges": {
                        "is_water": false,
                        "requires_age_check": false
                    },
                    "packaging": "Pot",
                    "thumbnail": "https://prod-mercadona.imgix.net/20190521/09/72409/vlc1/72409_00_02.jpg?fit=crop&h=206&w=206",
                    "display_name": "Recanvi ambientador Bosque Verde vainilla",
                    "bunch_selector": false,
                    "price_instructions": {
                        "iva": 21,
                        "is_new": false,
                        "is_pack": false,
                        "pack_size": null,
                        "unit_name": null,
                        "unit_size": 0.25,
                        "bulk_price": "7.60",
                        "unit_price": "1.90",
                        "approx_size": false,
                        "size_format": "l",
                        "total_units": null,
                        "unit_selector": true,
                        "bunch_selector": false,
                        "drained_weight": null,
                        "price_decreased": false,
                        "reference_price": "7.60",
                        "min_bunch_amount": 1.0,
                        "reference_format": "L",
                        "increment_bunch_amount": 1.0
                    }
                },
                {
                    "id": "72408",
                    "limit": 1000,
                    "badges": {
                        "is_water": false,
                        "requires_age_check": false
                    },
                    "packaging": "Capsa",
                    "thumbnail": "https://prod-mercadona.imgix.net/20190521/08/72408/vlc1/72408_00_02.jpg?fit=crop&h=206&w=206",
                    "display_name": "Difusor automàtic d'aerosols Bosque Verde",
                    "bunch_selector": false,
                    "price_instructions": {
                        "iva": 21,
                        "is_new": false,
                        "is_pack": false,
                        "pack_size": null,
                        "unit_name": null,
                        "unit_size": 1.0,
                        "bulk_price": "2.95",
                        "unit_price": "2.95",
                        "approx_size": false,
                        "size_format": "ud",
                        "total_units": null,
                        "unit_selector": true,
                        "bunch_selector": false,
                        "drained_weight": null,
                        "price_decreased": false,
                        "reference_price": "2.95",
                        "min_bunch_amount": 1.0,
                        "reference_format": "ud",
                        "increment_bunch_amount": 1.0
                    }
                },
                {
                    "id": "72002",
                    "limit": 1000,
                    "badges": {
                        "is_water": false,
                        "requires_age_check": false
                    },
                    "packaging": "Paquet",
                    "thumbnail": "https://prod-mercadona.imgix.net/20190521/02/72002/vlc1/72002_00_02.jpg?fit=crop&h=206&w=206",
                    "display_name": "Penjador antiarnes Bosque Verde roba neta",
                    "bunch_selector": false,
                    "price_instructions": {
                        "iva": 21,
                        "is_new": false,
                        "is_pack": false,
                        "pack_size": null,
                        "unit_name": "u.",
                        "unit_size": 1.0,
                        "bulk_price": "0.72",
                        "unit_price": "1.45",
                        "approx_size": false,
                        "size_format": "ud",
                        "total_units": 2,
                        "unit_selector": true,
                        "bunch_selector": false,
                        "drained_weight": null,
                        "price_decreased": false,
                        "reference_price": "0.72",
                        "min_bunch_amount": 1.0,
                        "reference_format": "ud",
                        "increment_bunch_amount": 1.0
                    }
                },
                {
                    "id": "72017",
                    "limit": 1000,
                    "badges": {
                        "is_water": false,
                        "requires_age_check": false
                    },
                    "packaging": "Paquet",
                    "thumbnail": "https://prod-mercadona.imgix.net/20190521/17/72017/vlc1/72017_00_02.jpg?fit=crop&h=206&w=206",
                    "display_name": "Penjador antiarnes Bosque Verde lavanda",
                    "bunch_selector": false,
                    "price_instructions": {
                        "iva": 21,
                        "is_new": false,
                        "is_pack": false,
                        "pack_size": null,
                        "unit_name": "u.",
                        "unit_size": 1.0,
                        "bulk_price": "0.72",
                        "unit_price": "1.45",
                        "approx_size": false,
                        "size_format": "ud",
                        "total_units": 2,
                        "unit_selector": true,
                        "bunch_selector": false,
                        "drained_weight": null,
                        "price_decreased": false,
                        "reference_price": "0.72",
                        "min_bunch_amount": 1.0,
                        "reference_format": "ud",
                        "increment_bunch_amount": 1.0
                    }
                },
                {
                    "id": "72035",
                    "limit": 1000,
                    "badges": {
                        "is_water": false,
                        "requires_age_check": false
                    },
                    "packaging": "Capsa",
                    "thumbnail": "https://prod-mercadona.imgix.net/20190521/35/72035/vlc1/72035_00_00.jpg?fit=crop&h=206&w=206",
                    "display_name": "Espirals antimosquits Sonata",
                    "bunch_selector": false,
                    "price_instructions": {
                        "iva": 21,
                        "is_new": false,
                        "is_pack": false,
                        "pack_size": null,
                        "unit_name": "u.",
                        "unit_size": 1.0,
                        "bulk_price": "0.21",
                        "unit_price": "2.10",
                        "approx_size": false,
                        "size_format": "ud",
                        "total_units": 10,
                        "unit_selector": true,
                        "bunch_selector": false,
                        "drained_weight": null,
                        "price_decreased": false,
                        "reference_price": "0.21",
                        "min_bunch_amount": 1.0,
                        "reference_format": "ud",
                        "increment_bunch_amount": 1.0
                    }
                },
                {
                    "id": "72060",
                    "limit": 1000,
                    "badges": {
                        "is_water": false,
                        "requires_age_check": false
                    },
                    "packaging": "Capsa",
                    "thumbnail": "https://prod-mercadona.imgix.net/20190521/60/72060/vlc1/72060_00_02.jpg?fit=crop&h=206&w=206",
                    "display_name": "Trampa antiarnes dels aliments Relevi",
                    "bunch_selector": false,
                    "price_instructions": {
                        "iva": 21,
                        "is_new": false,
                        "is_pack": false,
                        "pack_size": null,
                        "unit_name": "u.",
                        "unit_size": 1.0,
                        "bulk_price": "2.35",
                        "unit_price": "2.35",
                        "approx_size": false,
                        "size_format": "ud",
                        "total_units": 2,
                        "unit_selector": true,
                        "bunch_selector": false,
                        "drained_weight": null,
                        "price_decreased": false,
                        "reference_price": "2.35",
                        "min_bunch_amount": 1.0,
                        "reference_format": "ud",
                        "increment_bunch_amount": 1.0
                    }
                },
                {
                    "id": "72038",
                    "limit": 1000,
                    "badges": {
                        "is_water": false,
                        "requires_age_check": false
                    },
                    "packaging": "Capsa",
                    "thumbnail": "https://prod-mercadona.imgix.net/20190521/38/72038/vlc1/72038_00_02.jpg?fit=crop&h=206&w=206",
                    "display_name": "Trampa per a formigues Bosque Verde",
                    "bunch_selector": false,
                    "price_instructions": {
                        "iva": 21,
                        "is_new": false,
                        "is_pack": false,
                        "pack_size": null,
                        "unit_name": "u.",
                        "unit_size": 1.0,
                        "bulk_price": "1.48",
                        "unit_price": "2.95",
                        "approx_size": false,
                        "size_format": "ud",
                        "total_units": 2,
                        "unit_selector": true,
                        "bunch_selector": false,
                        "drained_weight": null,
                        "price_decreased": false,
                        "reference_price": "1.48",
                        "min_bunch_amount": 1.0,
                        "reference_format": "ud",
                        "increment_bunch_amount": 1.0
                    }
                },
                {
                    "id": "72064",
                    "limit": 1000,
                    "badges": {
                        "is_water": false,
                        "requires_age_check": false
                    },
                    "packaging": "Esprai",
                    "thumbnail": "https://prod-mercadona.imgix.net/20190521/64/72064/vlc1/72064_00_01.jpg?fit=crop&h=206&w=206",
                    "display_name": "Insecticida barrera antimosquits Bosque Verde",
                    "bunch_selector": false,
                    "price_instructions": {
                        "iva": 21,
                        "is_new": false,
                        "is_pack": false,
                        "pack_size": null,
                        "unit_name": null,
                        "unit_size": 0.4,
                        "bulk_price": "7.72",
                        "unit_price": "3.09",
                        "approx_size": false,
                        "size_format": "l",
                        "total_units": null,
                        "unit_selector": true,
                        "bunch_selector": false,
                        "drained_weight": null,
                        "price_decreased": false,
                        "reference_price": "7.72",
                        "min_bunch_amount": 1.0,
                        "reference_format": "L",
                        "increment_bunch_amount": 1.0
                    }
                },
                {
                    "id": "72066",
                    "limit": 1000,
                    "badges": {
                        "is_water": false,
                        "requires_age_check": false
                    },
                    "packaging": "Esprai",
                    "thumbnail": "https://prod-mercadona.imgix.net/20190521/66/72066/vlc1/72066_00_02.jpg?fit=crop&h=206&w=206",
                    "display_name": "Insecticida àcars Bosque Verde especial teixits",
                    "bunch_selector": false,
                    "price_instructions": {
                        "iva": 21,
                        "is_new": false,
                        "is_pack": false,
                        "pack_size": null,
                        "unit_name": null,
                        "unit_size": 0.4,
                        "bulk_price": "7.00",
                        "unit_price": "2.80",
                        "approx_size": false,
                        "size_format": "l",
                        "total_units": null,
                        "unit_selector": true,
                        "bunch_selector": false,
                        "drained_weight": null,
                        "price_decreased": false,
                        "reference_price": "7.00",
                        "min_bunch_amount": 1.0,
                        "reference_format": "L",
                        "increment_bunch_amount": 1.0
                    }
                },
                {
                    "id": "72056",
                    "limit": 1000,
                    "badges": {
                        "is_water": false,
                        "requires_age_check": false
                    },
                    "packaging": "Esprai",
                    "thumbnail": "https://prod-mercadona.imgix.net/20190521/56/72056/vlc1/72056_00_02.jpg?fit=crop&h=206&w=206",
                    "display_name": "Insecticida vespes Bosque Verde",
                    "bunch_selector": false,
                    "price_instructions": {
                        "iva": 21,
                        "is_new": false,
                        "is_pack": false,
                        "pack_size": null,
                        "unit_name": null,
                        "unit_size": 0.25,
                        "bulk_price": "8.80",
                        "unit_price": "2.20",
                        "approx_size": false,
                        "size_format": "l",
                        "total_units": null,
                        "unit_selector": true,
                        "bunch_selector": false,
                        "drained_weight": null,
                        "price_decreased": false,
                        "reference_price": "8.80",
                        "min_bunch_amount": 1.0,
                        "reference_format": "L",
                        "increment_bunch_amount": 1.0
                    }
                },
                {
                    "id": "72062",
                    "limit": 1000,
                    "badges": {
                        "is_water": false,
                        "requires_age_check": false
                    },
                    "packaging": "Esprai",
                    "thumbnail": "https://prod-mercadona.imgix.net/20190521/62/72062/vlc1/72062_00_02.jpg?fit=crop&h=206&w=206",
                    "display_name": "Insecticida contra el corc Bosque Verde",
                    "bunch_selector": false,
                    "price_instructions": {
                        "iva": 21,
                        "is_new": false,
                        "is_pack": false,
                        "pack_size": null,
                        "unit_name": null,
                        "unit_size": 0.25,
                        "bulk_price": "13.20",
                        "unit_price": "3.30",
                        "approx_size": false,
                        "size_format": "l",
                        "total_units": null,
                        "unit_selector": true,
                        "bunch_selector": false,
                        "drained_weight": null,
                        "price_decreased": false,
                        "reference_price": "13.20",
                        "min_bunch_amount": 1.0,
                        "reference_format": "L",
                        "increment_bunch_amount": 1.0
                    }
                },
                {
                    "id": "72507",
                    "limit": 1000,
                    "badges": {
                        "is_water": false,
                        "requires_age_check": false
                    },
                    "packaging": "Esprai",
                    "thumbnail": "https://prod-mercadona.imgix.net/20190521/07/72507/vlc1/72507_00_02.jpg?fit=crop&h=206&w=206",
                    "display_name": "Ambientador Bosque Verde infantil",
                    "bunch_selector": false,
                    "price_instructions": {
                        "iva": 21,
                        "is_new": false,
                        "is_pack": false,
                        "pack_size": null,
                        "unit_name": null,
                        "unit_size": 0.3,
                        "bulk_price": "3.17",
                        "unit_price": "0.95",
                        "approx_size": false,
                        "size_format": "l",
                        "total_units": null,
                        "unit_selector": true,
                        "bunch_selector": false,
                        "drained_weight": null,
                        "price_decreased": false,
                        "reference_price": "3.17",
                        "min_bunch_amount": 1.0,
                        "reference_format": "L",
                        "increment_bunch_amount": 1.0
                    }
                },
                {
                    "id": "72512",
                    "limit": 1000,
                    "badges": {
                        "is_water": false,
                        "requires_age_check": false
                    },
                    "packaging": "Esprai",
                    "thumbnail": "https://prod-mercadona.imgix.net/20190521/12/72512/vlc1/72512_00_02.jpg?fit=crop&h=206&w=206",
                    "display_name": "Ambientador Bosque Verde illa blanca",
                    "bunch_selector": false,
                    "price_instructions": {
                        "iva": 21,
                        "is_new": false,
                        "is_pack": false,
                        "pack_size": null,
                        "unit_name": null,
                        "unit_size": 0.3,
                        "bulk_price": "3.17",
                        "unit_price": "0.95",
                        "approx_size": false,
                        "size_format": "l",
                        "total_units": null,
                        "unit_selector": true,
                        "bunch_selector": false,
                        "drained_weight": null,
                        "price_decreased": false,
                        "reference_price": "3.17",
                        "min_bunch_amount": 1.0,
                        "reference_format": "L",
                        "increment_bunch_amount": 1.0
                    }
                },
                {
                    "id": "72641",
                    "limit": 1000,
                    "badges": {
                        "is_water": false,
                        "requires_age_check": false
                    },
                    "packaging": "Capsa",
                    "thumbnail": "https://prod-mercadona.imgix.net/20190521/41/72641/vlc1/72641_00_00.jpg?fit=crop&h=206&w=206",
                    "display_name": "Recanvi líquid antimosquits Bosque Verde",
                    "bunch_selector": false,
                    "price_instructions": {
                        "iva": 21,
                        "is_new": false,
                        "is_pack": false,
                        "pack_size": null,
                        "unit_name": null,
                        "unit_size": 0.045,
                        "bulk_price": "43.33",
                        "unit_price": "1.95",
                        "approx_size": false,
                        "size_format": "l",
                        "total_units": null,
                        "unit_selector": true,
                        "bunch_selector": false,
                        "drained_weight": null,
                        "price_decreased": false,
                        "reference_price": "4.33",
                        "min_bunch_amount": 1.0,
                        "reference_format": "100 ml",
                        "increment_bunch_amount": 1.0
                    }
                },
                {
                    "id": "72536",
                    "limit": 1000,
                    "badges": {
                        "is_water": false,
                        "requires_age_check": false
                    },
                    "packaging": "Capsa",
                    "thumbnail": "https://prod-mercadona.imgix.net/20190521/36/72536/vlc1/72536_00_02.jpg?fit=crop&h=206&w=206",
                    "display_name": "Recanvi ambientador Bosque Verde roba neta",
                    "bunch_selector": false,
                    "price_instructions": {
                        "iva": 21,
                        "is_new": false,
                        "is_pack": false,
                        "pack_size": null,
                        "unit_name": "u.",
                        "unit_size": 0.03,
                        "bulk_price": "63.33",
                        "unit_price": "1.90",
                        "approx_size": false,
                        "size_format": "l",
                        "total_units": 2,
                        "unit_selector": true,
                        "bunch_selector": false,
                        "drained_weight": null,
                        "price_decreased": false,
                        "reference_price": "6.33",
                        "min_bunch_amount": 1.0,
                        "reference_format": "100 ml",
                        "increment_bunch_amount": 1.0
                    }
                },
                {
                    "id": "72517",
                    "limit": 1000,
                    "badges": {
                        "is_water": false,
                        "requires_age_check": false
                    },
                    "packaging": "Capsa",
                    "thumbnail": "https://prod-mercadona.imgix.net/20190521/17/72517/vlc1/72517_00_02.jpg?fit=crop&h=206&w=206",
                    "display_name": "Recanvi ambientador Bosque Verde flors blanques",
                    "bunch_selector": false,
                    "price_instructions": {
                        "iva": 21,
                        "is_new": false,
                        "is_pack": false,
                        "pack_size": null,
                        "unit_name": "u.",
                        "unit_size": 0.03,
                        "bulk_price": "63.33",
                        "unit_price": "1.90",
                        "approx_size": false,
                        "size_format": "l",
                        "total_units": 2,
                        "unit_selector": true,
                        "bunch_selector": false,
                        "drained_weight": null,
                        "price_decreased": false,
                        "reference_price": "6.33",
                        "min_bunch_amount": 1.0,
                        "reference_format": "100 ml",
                        "increment_bunch_amount": 1.0
                    }
                },
                {
                    "id": "72088",
                    "limit": 1000,
                    "badges": {
                        "is_water": false,
                        "requires_age_check": false
                    },
                    "packaging": "Capsa",
                    "thumbnail": "https://prod-mercadona.imgix.net/20190521/88/72088/vlc1/72088_00_02.jpg?fit=crop&h=206&w=206",
                    "display_name": "Raticida esquer fresc Bosque Verde",
                    "bunch_selector": false,
                    "price_instructions": {
                        "iva": 21,
                        "is_new": false,
                        "is_pack": false,
                        "pack_size": null,
                        "unit_name": null,
                        "unit_size": 1.0,
                        "bulk_price": "3.00",
                        "unit_price": "3.00",
                        "approx_size": false,
                        "size_format": "ud",
                        "total_units": null,
                        "unit_selector": true,
                        "bunch_selector": false,
                        "drained_weight": null,
                        "price_decreased": false,
                        "reference_price": "3.00",
                        "min_bunch_amount": 1.0,
                        "reference_format": "ud",
                        "increment_bunch_amount": 1.0
                    }
                },
                {
                    "id": "72537",
                    "limit": 1000,
                    "badges": {
                        "is_water": false,
                        "requires_age_check": false
                    },
                    "packaging": "Esprai",
                    "thumbnail": "https://prod-mercadona.imgix.net/20190521/37/72537/vlc1/72537_00_02.jpg?fit=crop&h=206&w=206",
                    "display_name": "Ambientador Bosque Verde roba neta",
                    "bunch_selector": false,
                    "price_instructions": {
                        "iva": 21,
                        "is_new": false,
                        "is_pack": false,
                        "pack_size": null,
                        "unit_name": null,
                        "unit_size": 0.3,
                        "bulk_price": "3.17",
                        "unit_price": "0.95",
                        "approx_size": false,
                        "size_format": "l",
                        "total_units": null,
                        "unit_selector": true,
                        "bunch_selector": false,
                        "drained_weight": null,
                        "price_decreased": false,
                        "reference_price": "3.17",
                        "min_bunch_amount": 1.0,
                        "reference_format": "L",
                        "increment_bunch_amount": 1.0
                    }
                },
                {
                    "id": "72564",
                    "limit": 1000,
                    "badges": {
                        "is_water": false,
                        "requires_age_check": false
                    },
                    "packaging": "Esprai",
                    "thumbnail": "https://prod-mercadona.imgix.net/20190521/64/72564/vlc1/72564_00_02.jpg?fit=crop&h=206&w=206",
                    "display_name": "Ambientador Bosque Verde passió floral",
                    "bunch_selector": false,
                    "price_instructions": {
                        "iva": 21,
                        "is_new": false,
                        "is_pack": false,
                        "pack_size": null,
                        "unit_name": null,
                        "unit_size": 0.3,
                        "bulk_price": "3.17",
                        "unit_price": "0.95",
                        "approx_size": false,
                        "size_format": "l",
                        "total_units": null,
                        "unit_selector": true,
                        "bunch_selector": false,
                        "drained_weight": null,
                        "price_decreased": false,
                        "reference_price": "3.17",
                        "min_bunch_amount": 1.0,
                        "reference_format": "L",
                        "increment_bunch_amount": 1.0
                    }
                },
                {
                    "id": "77203",
                    "limit": 1000,
                    "badges": {
                        "is_water": false,
                        "requires_age_check": false
                    },
                    "packaging": "Capsa",
                    "thumbnail": "https://prod-mercadona.imgix.net/20190521/03/77203/vlc1/77203_00_02.jpg?fit=crop&h=206&w=206",
                    "display_name": "Pegats aromàtics amb citronel·la Directsalud",
                    "bunch_selector": false,
                    "price_instructions": {
                        "iva": 21,
                        "is_new": false,
                        "is_pack": false,
                        "pack_size": null,
                        "unit_name": "u.",
                        "unit_size": 1.0,
                        "bulk_price": "0.12",
                        "unit_price": "2.99",
                        "approx_size": false,
                        "size_format": "ud",
                        "total_units": 24,
                        "unit_selector": true,
                        "bunch_selector": false,
                        "drained_weight": null,
                        "price_decreased": false,
                        "reference_price": "0.12",
                        "min_bunch_amount": 1.0,
                        "reference_format": "ud",
                        "increment_bunch_amount": 1.0
                    }
                },
                {
                    "id": "72039",
                    "limit": 1000,
                    "badges": {
                        "is_water": false,
                        "requires_age_check": false
                    },
                    "packaging": "Paquet",
                    "thumbnail": "https://prod-mercadona.imgix.net/20190521/39/72039/vlc1/72039_00_02.jpg?fit=crop&h=206&w=206",
                    "display_name": "Braçalet de citronel·la talla S",
                    "bunch_selector": false,
                    "price_instructions": {
                        "iva": 21,
                        "is_new": false,
                        "is_pack": false,
                        "pack_size": null,
                        "unit_name": null,
                        "unit_size": 1.0,
                        "bulk_price": "1.69",
                        "unit_price": "1.69",
                        "approx_size": false,
                        "size_format": "ud",
                        "total_units": null,
                        "unit_selector": true,
                        "bunch_selector": false,
                        "drained_weight": null,
                        "price_decreased": false,
                        "reference_price": "1.69",
                        "min_bunch_amount": 1.0,
                        "reference_format": "ud",
                        "increment_bunch_amount": 1.0
                    }
                },
                {
                    "id": "72049",
                    "limit": 1000,
                    "badges": {
                        "is_water": false,
                        "requires_age_check": false
                    },
                    "packaging": "Paquet",
                    "thumbnail": "https://prod-mercadona.imgix.net/20190521/49/72049/vlc1/72049_00_02.jpg?fit=crop&h=206&w=206",
                    "display_name": "Braçalet de citronel·la talla L",
                    "bunch_selector": false,
                    "price_instructions": {
                        "iva": 21,
                        "is_new": false,
                        "is_pack": false,
                        "pack_size": null,
                        "unit_name": null,
                        "unit_size": 1.0,
                        "bulk_price": "1.69",
                        "unit_price": "1.69",
                        "approx_size": false,
                        "size_format": "ud",
                        "total_units": null,
                        "unit_selector": true,
                        "bunch_selector": false,
                        "drained_weight": null,
                        "price_decreased": false,
                        "reference_price": "1.69",
                        "min_bunch_amount": 1.0,
                        "reference_format": "ud",
                        "increment_bunch_amount": 1.0
                    }
                },
                {
                    "id": "78330",
                    "limit": 1000,
                    "badges": {
                        "is_water": false,
                        "requires_age_check": false
                    },
                    "packaging": "Esprai",
                    "thumbnail": "https://prod-mercadona.imgix.net/20190521/30/78330/vlc1/78330_01_02.jpg?fit=crop&h=206&w=206",
                    "display_name": "Repel·lent d'insectes fort Deliplus",
                    "bunch_selector": false,
                    "price_instructions": {
                        "iva": 21,
                        "is_new": false,
                        "is_pack": false,
                        "pack_size": null,
                        "unit_name": null,
                        "unit_size": 0.1,
                        "bulk_price": "27.50",
                        "unit_price": "2.75",
                        "approx_size": false,
                        "size_format": "l",
                        "total_units": null,
                        "unit_selector": true,
                        "bunch_selector": false,
                        "drained_weight": null,
                        "price_decreased": false,
                        "reference_price": "27.50",
                        "min_bunch_amount": 1.0,
                        "reference_format": "L",
                        "increment_bunch_amount": 1.0
                    }
                },
                {
                    "id": "72030",
                    "limit": 1000,
                    "badges": {
                        "is_water": false,
                        "requires_age_check": false
                    },
                    "packaging": null,
                    "thumbnail": "https://prod-mercadona.imgix.net/20190521/30/72030/vlc1/72030_00_02.jpg?fit=crop&h=206&w=206",
                    "display_name": "Pala matamosques",
                    "bunch_selector": false,
                    "price_instructions": {
                        "iva": 21,
                        "is_new": false,
                        "is_pack": false,
                        "pack_size": null,
                        "unit_name": null,
                        "unit_size": 1.0,
                        "bulk_price": "0.75",
                        "unit_price": "0.75",
                        "approx_size": false,
                        "size_format": "ud",
                        "total_units": null,
                        "unit_selector": true,
                        "bunch_selector": false,
                        "drained_weight": null,
                        "price_decreased": false,
                        "reference_price": "0.75",
                        "min_bunch_amount": 1.0,
                        "reference_format": "ud",
                        "increment_bunch_amount": 1.0
                    }
                },
                {
                    "id": "72551",
                    "limit": 1000,
                    "badges": {
                        "is_water": false,
                        "requires_age_check": false
                    },
                    "packaging": "Capsa",
                    "thumbnail": "https://prod-mercadona.imgix.net/20190521/51/72551/vlc1/72551_00_02.jpg?fit=crop&h=206&w=206",
                    "display_name": "Recanvi ambientador Bosque Verde vainilla",
                    "bunch_selector": false,
                    "price_instructions": {
                        "iva": 21,
                        "is_new": false,
                        "is_pack": false,
                        "pack_size": null,
                        "unit_name": null,
                        "unit_size": 0.025,
                        "bulk_price": "72.00",
                        "unit_price": "1.80",
                        "approx_size": false,
                        "size_format": "l",
                        "total_units": null,
                        "unit_selector": true,
                        "bunch_selector": false,
                        "drained_weight": null,
                        "price_decreased": false,
                        "reference_price": "7.20",
                        "min_bunch_amount": 1.0,
                        "reference_format": "100 ml",
                        "increment_bunch_amount": 1.0
                    }
                },
                {
                    "id": "72542",
                    "limit": 1000,
                    "badges": {
                        "is_water": false,
                        "requires_age_check": false
                    },
                    "packaging": "Capsa",
                    "thumbnail": "https://prod-mercadona.imgix.net/20190521/42/72542/vlc1/72542_00_02.jpg?fit=crop&h=206&w=206",
                    "display_name": "Recanvi ambientador Bosque Verde brisa blau",
                    "bunch_selector": false,
                    "price_instructions": {
                        "iva": 21,
                        "is_new": false,
                        "is_pack": false,
                        "pack_size": null,
                        "unit_name": null,
                        "unit_size": 0.025,
                        "bulk_price": "72.00",
                        "unit_price": "1.80",
                        "approx_size": false,
                        "size_format": "l",
                        "total_units": null,
                        "unit_selector": true,
                        "bunch_selector": false,
                        "drained_weight": null,
                        "price_decreased": false,
                        "reference_price": "7.20",
                        "min_bunch_amount": 1.0,
                        "reference_format": "100 ml",
                        "increment_bunch_amount": 1.0
                    }
                },
                {
                    "id": "72546",
                    "limit": 1000,
                    "badges": {
                        "is_water": false,
                        "requires_age_check": false
                    },
                    "packaging": "Capsa",
                    "thumbnail": "https://prod-mercadona.imgix.net/20190521/46/72546/vlc1/72546_00_02.jpg?fit=crop&h=206&w=206",
                    "display_name": "Recanvi ambientador Bosque Verde infantil",
                    "bunch_selector": false,
                    "price_instructions": {
                        "iva": 21,
                        "is_new": false,
                        "is_pack": false,
                        "pack_size": null,
                        "unit_name": null,
                        "unit_size": 0.025,
                        "bulk_price": "72.00",
                        "unit_price": "1.80",
                        "approx_size": false,
                        "size_format": "l",
                        "total_units": null,
                        "unit_selector": true,
                        "bunch_selector": false,
                        "drained_weight": null,
                        "price_decreased": false,
                        "reference_price": "7.20",
                        "min_bunch_amount": 1.0,
                        "reference_format": "100 ml",
                        "increment_bunch_amount": 1.0
                    }
                },
                {
                    "id": "72547",
                    "limit": 1000,
                    "badges": {
                        "is_water": false,
                        "requires_age_check": false
                    },
                    "packaging": "Capsa",
                    "thumbnail": "https://prod-mercadona.imgix.net/20190521/47/72547/vlc1/72547_00_02.jpg?fit=crop&h=206&w=206",
                    "display_name": "Recanvi ambientador Bosque Verde roba neta",
                    "bunch_selector": false,
                    "price_instructions": {
                        "iva": 21,
                        "is_new": false,
                        "is_pack": false,
                        "pack_size": null,
                        "unit_name": null,
                        "unit_size": 0.025,
                        "bulk_price": "72.00",
                        "unit_price": "1.80",
                        "approx_size": false,
                        "size_format": "l",
                        "total_units": null,
                        "unit_selector": true,
                        "bunch_selector": false,
                        "drained_weight": null,
                        "price_decreased": false,
                        "reference_price": "7.20",
                        "min_bunch_amount": 1.0,
                        "reference_format": "100 ml",
                        "increment_bunch_amount": 1.0
                    }
                },
                {
                    "id": "72548",
                    "limit": 1000,
                    "badges": {
                        "is_water": false,
                        "requires_age_check": false
                    },
                    "packaging": "Capsa",
                    "thumbnail": "https://prod-mercadona.imgix.net/20190521/48/72548/vlc1/72548_00_02.jpg?fit=crop&h=206&w=206",
                    "display_name": "Recanvi ambientador Bosque Verde jardí zen",
                    "bunch_selector": false,
                    "price_instructions": {
                        "iva": 21,
                        "is_new": false,
                        "is_pack": false,
                        "pack_size": null,
                        "unit_name": null,
                        "unit_size": 0.025,
                        "bulk_price": "72.00",
                        "unit_price": "1.80",
                        "approx_size": false,
                        "size_format": "l",
                        "total_units": null,
                        "unit_selector": true,
                        "bunch_selector": false,
                        "drained_weight": null,
                        "price_decreased": false,
                        "reference_price": "7.20",
                        "min_bunch_amount": 1.0,
                        "reference_format": "100 ml",
                        "increment_bunch_amount": 1.0
                    }
                },
                {
                    "id": "72864",
                    "limit": 1000,
                    "badges": {
                        "is_water": false,
                        "requires_age_check": false
                    },
                    "packaging": null,
                    "thumbnail": "https://prod-mercadona.imgix.net/20190521/64/72864/vlc1/72864_00_02.jpg?fit=crop&h=206&w=206",
                    "display_name": "Xuclaolors Bosque Verde lavanda",
                    "bunch_selector": false,
                    "price_instructions": {
                        "iva": 21,
                        "is_new": false,
                        "is_pack": false,
                        "pack_size": null,
                        "unit_name": null,
                        "unit_size": 1.0,
                        "bulk_price": "0.60",
                        "unit_price": "0.60",
                        "approx_size": false,
                        "size_format": "ud",
                        "total_units": null,
                        "unit_selector": true,
                        "bunch_selector": false,
                        "drained_weight": null,
                        "price_decreased": false,
                        "reference_price": "0.60",
                        "min_bunch_amount": 1.0,
                        "reference_format": "ud",
                        "increment_bunch_amount": 1.0
                    }
                },
                {
                    "id": "72867",
                    "limit": 1000,
                    "badges": {
                        "is_water": false,
                        "requires_age_check": false
                    },
                    "packaging": null,
                    "thumbnail": "https://prod-mercadona.imgix.net/20190521/67/72867/vlc1/72867_00_02.jpg?fit=crop&h=206&w=206",
                    "display_name": "Xuclaolors Relevi Marsella",
                    "bunch_selector": false,
                    "price_instructions": {
                        "iva": 21,
                        "is_new": false,
                        "is_pack": false,
                        "pack_size": null,
                        "unit_name": null,
                        "unit_size": 1.0,
                        "bulk_price": "0.60",
                        "unit_price": "0.60",
                        "approx_size": false,
                        "size_format": "ud",
                        "total_units": null,
                        "unit_selector": true,
                        "bunch_selector": false,
                        "drained_weight": null,
                        "price_decreased": false,
                        "reference_price": "0.60",
                        "min_bunch_amount": 1.0,
                        "reference_format": "ud",
                        "increment_bunch_amount": 1.0
                    }
                },
                {
                    "id": "72869",
                    "limit": 1000,
                    "badges": {
                        "is_water": false,
                        "requires_age_check": false
                    },
                    "packaging": null,
                    "thumbnail": "https://prod-mercadona.imgix.net/20190521/69/72869/vlc1/72869_00_02.jpg?fit=crop&h=206&w=206",
                    "display_name": "Xuclaolors Relevi flors blanques",
                    "bunch_selector": false,
                    "price_instructions": {
                        "iva": 21,
                        "is_new": false,
                        "is_pack": false,
                        "pack_size": null,
                        "unit_name": null,
                        "unit_size": 1.0,
                        "bulk_price": "0.60",
                        "unit_price": "0.60",
                        "approx_size": false,
                        "size_format": "ud",
                        "total_units": null,
                        "unit_selector": true,
                        "bunch_selector": false,
                        "drained_weight": null,
                        "price_decreased": false,
                        "reference_price": "0.60",
                        "min_bunch_amount": 1.0,
                        "reference_format": "ud",
                        "increment_bunch_amount": 1.0
                    }
                },
                {
                    "id": "72742",
                    "limit": 1000,
                    "badges": {
                        "is_water": false,
                        "requires_age_check": false
                    },
                    "packaging": "Capsa",
                    "thumbnail": "https://prod-mercadona.imgix.net/20190521/42/72742/vlc1/72742_00_02.jpg?fit=crop&h=206&w=206",
                    "display_name": "Ambientador varetes Bosque Verde gerd",
                    "bunch_selector": false,
                    "price_instructions": {
                        "iva": 21,
                        "is_new": false,
                        "is_pack": false,
                        "pack_size": null,
                        "unit_name": null,
                        "unit_size": 0.04,
                        "bulk_price": "55.00",
                        "unit_price": "2.20",
                        "approx_size": false,
                        "size_format": "l",
                        "total_units": null,
                        "unit_selector": true,
                        "bunch_selector": false,
                        "drained_weight": null,
                        "price_decreased": false,
                        "reference_price": "5.50",
                        "min_bunch_amount": 1.0,
                        "reference_format": "100 ml",
                        "increment_bunch_amount": 1.0
                    }
                },
                {
                    "id": "72865",
                    "limit": 1000,
                    "badges": {
                        "is_water": false,
                        "requires_age_check": false
                    },
                    "packaging": null,
                    "thumbnail": "https://prod-mercadona.imgix.net/20190521/65/72865/vlc1/72865_00_02.jpg?fit=crop&h=206&w=206",
                    "display_name": "Xuclaolors Bosque Verde cítric",
                    "bunch_selector": false,
                    "price_instructions": {
                        "iva": 21,
                        "is_new": false,
                        "is_pack": false,
                        "pack_size": null,
                        "unit_name": null,
                        "unit_size": 1.0,
                        "bulk_price": "0.60",
                        "unit_price": "0.60",
                        "approx_size": false,
                        "size_format": "ud",
                        "total_units": null,
                        "unit_selector": true,
                        "bunch_selector": false,
                        "drained_weight": null,
                        "price_decreased": false,
                        "reference_price": "0.60",
                        "min_bunch_amount": 1.0,
                        "reference_format": "ud",
                        "increment_bunch_amount": 1.0
                    }
                },
                {
                    "id": "72544",
                    "limit": 1000,
                    "badges": {
                        "is_water": false,
                        "requires_age_check": false
                    },
                    "packaging": "Capsa",
                    "thumbnail": "https://prod-mercadona.imgix.net/20190521/44/72544/vlc1/72544_00_02.jpg?fit=crop&h=206&w=206",
                    "display_name": "Recanvi ambientador Bosque Verde flor d'orquídia",
                    "bunch_selector": false,
                    "price_instructions": {
                        "iva": 21,
                        "is_new": false,
                        "is_pack": false,
                        "pack_size": null,
                        "unit_name": null,
                        "unit_size": 0.025,
                        "bulk_price": "72.00",
                        "unit_price": "1.80",
                        "approx_size": false,
                        "size_format": "l",
                        "total_units": null,
                        "unit_selector": true,
                        "bunch_selector": false,
                        "drained_weight": null,
                        "price_decreased": false,
                        "reference_price": "7.20",
                        "min_bunch_amount": 1.0,
                        "reference_format": "100 ml",
                        "increment_bunch_amount": 1.0
                    }
                },
                {
                    "id": "72616",
                    "limit": 1000,
                    "badges": {
                        "is_water": false,
                        "requires_age_check": false
                    },
                    "packaging": "Capsa",
                    "thumbnail": "https://prod-mercadona.imgix.net/20190521/16/72616/vlc1/72616_00_02.jpg?fit=crop&h=206&w=206",
                    "display_name": "Recanvi ambientador Bosque Verde spa",
                    "bunch_selector": false,
                    "price_instructions": {
                        "iva": 21,
                        "is_new": false,
                        "is_pack": false,
                        "pack_size": null,
                        "unit_name": null,
                        "unit_size": 0.025,
                        "bulk_price": "119.60",
                        "unit_price": "2.99",
                        "approx_size": false,
                        "size_format": "l",
                        "total_units": null,
                        "unit_selector": true,
                        "bunch_selector": false,
                        "drained_weight": null,
                        "price_decreased": false,
                        "reference_price": "11.96",
                        "min_bunch_amount": 1.0,
                        "reference_format": "100 ml",
                        "increment_bunch_amount": 1.0
                    }
                },
                {
                    "id": "72728",
                    "limit": 1000,
                    "badges": {
                        "is_water": false,
                        "requires_age_check": false
                    },
                    "packaging": "Capsa",
                    "thumbnail": "https://prod-mercadona.imgix.net/20190521/28/72728/vlc1/72728_00_02.jpg?fit=crop&h=206&w=206",
                    "display_name": "Ambientador varetes Bosque Verde bambú",
                    "bunch_selector": false,
                    "price_instructions": {
                        "iva": 21,
                        "is_new": false,
                        "is_pack": false,
                        "pack_size": null,
                        "unit_name": null,
                        "unit_size": 0.04,
                        "bulk_price": "55.00",
                        "unit_price": "2.20",
                        "approx_size": false,
                        "size_format": "l",
                        "total_units": null,
                        "unit_selector": true,
                        "bunch_selector": false,
                        "drained_weight": null,
                        "price_decreased": false,
                        "reference_price": "5.50",
                        "min_bunch_amount": 1.0,
                        "reference_format": "100 ml",
                        "increment_bunch_amount": 1.0
                    }
                },
                {
                    "id": "72541",
                    "limit": 1000,
                    "badges": {
                        "is_water": false,
                        "requires_age_check": false
                    },
                    "packaging": "Capsa",
                    "thumbnail": "https://prod-mercadona.imgix.net/20190521/41/72541/vlc1/72541_00_02.jpg?fit=crop&h=206&w=206",
                    "display_name": "Difusor ambientador elèctric Bosque Verde",
                    "bunch_selector": false,
                    "price_instructions": {
                        "iva": 21,
                        "is_new": false,
                        "is_pack": false,
                        "pack_size": null,
                        "unit_name": null,
                        "unit_size": 1.0,
                        "bulk_price": "1.40",
                        "unit_price": "1.40",
                        "approx_size": false,
                        "size_format": "ud",
                        "total_units": null,
                        "unit_selector": true,
                        "bunch_selector": false,
                        "drained_weight": null,
                        "price_decreased": false,
                        "reference_price": "1.40",
                        "min_bunch_amount": 1.0,
                        "reference_format": "ud",
                        "increment_bunch_amount": 1.0
                    }
                },
                {
                    "id": "72545",
                    "limit": 1000,
                    "badges": {
                        "is_water": false,
                        "requires_age_check": false
                    },
                    "packaging": "Capsa",
                    "thumbnail": "https://prod-mercadona.imgix.net/20190521/45/72545/vlc1/72545_00_02.jpg?fit=crop&h=206&w=206",
                    "display_name": "Recanvi ambientador Bosque Verde lavanda",
                    "bunch_selector": false,
                    "price_instructions": {
                        "iva": 21,
                        "is_new": false,
                        "is_pack": false,
                        "pack_size": null,
                        "unit_name": null,
                        "unit_size": 0.025,
                        "bulk_price": "72.00",
                        "unit_price": "1.80",
                        "approx_size": false,
                        "size_format": "l",
                        "total_units": null,
                        "unit_selector": true,
                        "bunch_selector": false,
                        "drained_weight": null,
                        "price_decreased": false,
                        "reference_price": "7.20",
                        "min_bunch_amount": 1.0,
                        "reference_format": "100 ml",
                        "increment_bunch_amount": 1.0
                    }
                },
                {
                    "id": "72733",
                    "limit": 1000,
                    "badges": {
                        "is_water": false,
                        "requires_age_check": false
                    },
                    "packaging": null,
                    "thumbnail": "https://prod-mercadona.imgix.net/20190521/33/72733/vlc1/72733_00_01.jpg?fit=crop&h=206&w=206",
                    "display_name": "Ambientador perles Bosque Verde tendres records",
                    "bunch_selector": false,
                    "price_instructions": {
                        "iva": 21,
                        "is_new": false,
                        "is_pack": false,
                        "pack_size": null,
                        "unit_name": null,
                        "unit_size": 1.0,
                        "bulk_price": "1.55",
                        "unit_price": "1.55",
                        "approx_size": false,
                        "size_format": "ud",
                        "total_units": null,
                        "unit_selector": true,
                        "bunch_selector": false,
                        "drained_weight": null,
                        "price_decreased": false,
                        "reference_price": "1.55",
                        "min_bunch_amount": 1.0,
                        "reference_format": "ud",
                        "increment_bunch_amount": 1.0
                    }
                },
                {
                    "id": "72734",
                    "limit": 1000,
                    "badges": {
                        "is_water": false,
                        "requires_age_check": false
                    },
                    "packaging": null,
                    "thumbnail": "https://prod-mercadona.imgix.net/20190521/34/72734/vlc1/72734_00_01.jpg?fit=crop&h=206&w=206",
                    "display_name": "Ambientador perles Bosque Verde llima",
                    "bunch_selector": false,
                    "price_instructions": {
                        "iva": 21,
                        "is_new": false,
                        "is_pack": false,
                        "pack_size": null,
                        "unit_name": null,
                        "unit_size": 1.0,
                        "bulk_price": "1.55",
                        "unit_price": "1.55",
                        "approx_size": false,
                        "size_format": "ud",
                        "total_units": null,
                        "unit_selector": true,
                        "bunch_selector": false,
                        "drained_weight": null,
                        "price_decreased": false,
                        "reference_price": "1.55",
                        "min_bunch_amount": 1.0,
                        "reference_format": "ud",
                        "increment_bunch_amount": 1.0
                    }
                },
                {
                    "id": "72515",
                    "limit": 1000,
                    "badges": {
                        "is_water": false,
                        "requires_age_check": false
                    },
                    "packaging": "Capsa",
                    "thumbnail": "https://prod-mercadona.imgix.net/20190521/15/72515/vlc1/72515_00_01.jpg?fit=crop&h=206&w=206",
                    "display_name": "Recanvi antihumitat Bosque Verde amb aromes cítrics",
                    "bunch_selector": false,
                    "price_instructions": {
                        "iva": 21,
                        "is_new": false,
                        "is_pack": false,
                        "pack_size": null,
                        "unit_name": null,
                        "unit_size": 1.0,
                        "bulk_price": "2.10",
                        "unit_price": "2.10",
                        "approx_size": false,
                        "size_format": "ud",
                        "total_units": null,
                        "unit_selector": true,
                        "bunch_selector": false,
                        "drained_weight": null,
                        "price_decreased": false,
                        "reference_price": "2.10",
                        "min_bunch_amount": 1.0,
                        "reference_format": "ud",
                        "increment_bunch_amount": 1.0
                    }
                },
                {
                    "id": "72614",
                    "limit": 1000,
                    "badges": {
                        "is_water": false,
                        "requires_age_check": false
                    },
                    "packaging": "Capsa",
                    "thumbnail": "https://prod-mercadona.imgix.net/20190521/14/72614/vlc1/72614_00_02.jpg?fit=crop&h=206&w=206",
                    "display_name": "Recanvi ambientador Bosque Verde jardí",
                    "bunch_selector": false,
                    "price_instructions": {
                        "iva": 21,
                        "is_new": false,
                        "is_pack": false,
                        "pack_size": null,
                        "unit_name": null,
                        "unit_size": 0.025,
                        "bulk_price": "119.60",
                        "unit_price": "2.99",
                        "approx_size": false,
                        "size_format": "l",
                        "total_units": null,
                        "unit_selector": true,
                        "bunch_selector": false,
                        "drained_weight": null,
                        "price_decreased": false,
                        "reference_price": "11.96",
                        "min_bunch_amount": 1.0,
                        "reference_format": "100 ml",
                        "increment_bunch_amount": 1.0
                    }
                },
                {
                    "id": "72543",
                    "limit": 1000,
                    "badges": {
                        "is_water": false,
                        "requires_age_check": false
                    },
                    "packaging": "Capsa",
                    "thumbnail": "https://prod-mercadona.imgix.net/20190521/43/72543/vlc1/72543_00_02.jpg?fit=crop&h=206&w=206",
                    "display_name": "Recanvi ambientador Bosque Verde flors blanques",
                    "bunch_selector": false,
                    "price_instructions": {
                        "iva": 21,
                        "is_new": false,
                        "is_pack": false,
                        "pack_size": null,
                        "unit_name": null,
                        "unit_size": 0.025,
                        "bulk_price": "72.00",
                        "unit_price": "1.80",
                        "approx_size": false,
                        "size_format": "l",
                        "total_units": null,
                        "unit_selector": true,
                        "bunch_selector": false,
                        "drained_weight": null,
                        "price_decreased": false,
                        "reference_price": "7.20",
                        "min_bunch_amount": 1.0,
                        "reference_format": "100 ml",
                        "increment_bunch_amount": 1.0
                    }
                },
                {
                    "id": "72720",
                    "limit": 1000,
                    "badges": {
                        "is_water": false,
                        "requires_age_check": false
                    },
                    "packaging": "Capsa",
                    "thumbnail": "https://prod-mercadona.imgix.net/20190521/20/72720/vlc1/72720_00_02.jpg?fit=crop&h=206&w=206",
                    "display_name": "Ambientador varetes Bosque Verde gessamí de mitjanit",
                    "bunch_selector": false,
                    "price_instructions": {
                        "iva": 21,
                        "is_new": false,
                        "is_pack": false,
                        "pack_size": null,
                        "unit_name": null,
                        "unit_size": 0.04,
                        "bulk_price": "55.00",
                        "unit_price": "2.20",
                        "approx_size": false,
                        "size_format": "l",
                        "total_units": null,
                        "unit_selector": true,
                        "bunch_selector": false,
                        "drained_weight": null,
                        "price_decreased": false,
                        "reference_price": "5.50",
                        "min_bunch_amount": 1.0,
                        "reference_format": "100 ml",
                        "increment_bunch_amount": 1.0
                    }
                },
                {
                    "id": "72817",
                    "limit": 1000,
                    "badges": {
                        "is_water": false,
                        "requires_age_check": false
                    },
                    "packaging": "Capsa",
                    "thumbnail": "https://prod-mercadona.imgix.net/20190521/17/72817/vlc1/72817_00_02.jpg?fit=crop&h=206&w=206",
                    "display_name": "Ambientador armaris Relevi spa",
                    "bunch_selector": false,
                    "price_instructions": {
                        "iva": 21,
                        "is_new": false,
                        "is_pack": false,
                        "pack_size": null,
                        "unit_name": "u.",
                        "unit_size": 1.0,
                        "bulk_price": "0.58",
                        "unit_price": "1.75",
                        "approx_size": false,
                        "size_format": "ud",
                        "total_units": 3,
                        "unit_selector": true,
                        "bunch_selector": false,
                        "drained_weight": null,
                        "price_decreased": false,
                        "reference_price": "0.58",
                        "min_bunch_amount": 1.0,
                        "reference_format": "ud",
                        "increment_bunch_amount": 1.0
                    }
                },
                {
                    "id": "72647",
                    "limit": 1000,
                    "badges": {
                        "is_water": false,
                        "requires_age_check": false
                    },
                    "packaging": "Capsa",
                    "thumbnail": "https://prod-mercadona.imgix.net/20190521/47/72647/vlc1/72647_00_02.jpg?fit=crop&h=206&w=206",
                    "display_name": "Recanvi ambientador Bosque Verde món",
                    "bunch_selector": false,
                    "price_instructions": {
                        "iva": 21,
                        "is_new": false,
                        "is_pack": false,
                        "pack_size": null,
                        "unit_name": null,
                        "unit_size": 0.025,
                        "bulk_price": "119.60",
                        "unit_price": "2.99",
                        "approx_size": false,
                        "size_format": "l",
                        "total_units": null,
                        "unit_selector": true,
                        "bunch_selector": false,
                        "drained_weight": null,
                        "price_decreased": false,
                        "reference_price": "11.96",
                        "min_bunch_amount": 1.0,
                        "reference_format": "100 ml",
                        "increment_bunch_amount": 1.0
                    }
                },
                {
                    "id": "72676",
                    "limit": 1000,
                    "badges": {
                        "is_water": false,
                        "requires_age_check": false
                    },
                    "packaging": "Capsa",
                    "thumbnail": "https://prod-mercadona.imgix.net/20190521/76/72676/vlc1/72676_00_02.jpg?fit=crop&h=206&w=206",
                    "display_name": "Espelma perfumada Bosque Verde fruites vermelles",
                    "bunch_selector": false,
                    "price_instructions": {
                        "iva": 21,
                        "is_new": false,
                        "is_pack": false,
                        "pack_size": null,
                        "unit_name": null,
                        "unit_size": 1.0,
                        "bulk_price": "1.65",
                        "unit_price": "1.65",
                        "approx_size": false,
                        "size_format": "ud",
                        "total_units": null,
                        "unit_selector": true,
                        "bunch_selector": false,
                        "drained_weight": null,
                        "price_decreased": false,
                        "reference_price": "1.65",
                        "min_bunch_amount": 1.0,
                        "reference_format": "ud",
                        "increment_bunch_amount": 1.0
                    }
                },
                {
                    "id": "72645",
                    "limit": 1000,
                    "badges": {
                        "is_water": false,
                        "requires_age_check": false
                    },
                    "packaging": "Capsa",
                    "thumbnail": "https://prod-mercadona.imgix.net/20190521/45/72645/vlc1/72645_00_02.jpg?fit=crop&h=206&w=206",
                    "display_name": "Recanvi ambientador Bosque Verde dolços",
                    "bunch_selector": false,
                    "price_instructions": {
                        "iva": 21,
                        "is_new": false,
                        "is_pack": false,
                        "pack_size": null,
                        "unit_name": null,
                        "unit_size": 0.025,
                        "bulk_price": "119.60",
                        "unit_price": "2.99",
                        "approx_size": false,
                        "size_format": "l",
                        "total_units": null,
                        "unit_selector": true,
                        "bunch_selector": false,
                        "drained_weight": null,
                        "price_decreased": false,
                        "reference_price": "11.96",
                        "min_bunch_amount": 1.0,
                        "reference_format": "100 ml",
                        "increment_bunch_amount": 1.0
                    }
                },
                {
                    "id": "72675",
                    "limit": 1000,
                    "badges": {
                        "is_water": false,
                        "requires_age_check": false
                    },
                    "packaging": "Capsa",
                    "thumbnail": "https://prod-mercadona.imgix.net/20190521/75/72675/vlc1/72675_00_02.jpg?fit=crop&h=206&w=206",
                    "display_name": "Espelma perfumada Bosque Verde vainilla",
                    "bunch_selector": false,
                    "price_instructions": {
                        "iva": 21,
                        "is_new": false,
                        "is_pack": false,
                        "pack_size": null,
                        "unit_name": null,
                        "unit_size": 1.0,
                        "bulk_price": "1.65",
                        "unit_price": "1.65",
                        "approx_size": false,
                        "size_format": "ud",
                        "total_units": null,
                        "unit_selector": true,
                        "bunch_selector": false,
                        "drained_weight": null,
                        "price_decreased": false,
                        "reference_price": "1.65",
                        "min_bunch_amount": 1.0,
                        "reference_format": "ud",
                        "increment_bunch_amount": 1.0
                    }
                },
                {
                    "id": "72818",
                    "limit": 1000,
                    "badges": {
                        "is_water": false,
                        "requires_age_check": false
                    },
                    "packaging": "Capsa",
                    "thumbnail": "https://prod-mercadona.imgix.net/20190521/18/72818/vlc1/72818_00_02.jpg?fit=crop&h=206&w=206",
                    "display_name": "Ambientador armaris Bosque Verde talc",
                    "bunch_selector": false,
                    "price_instructions": {
                        "iva": 21,
                        "is_new": false,
                        "is_pack": false,
                        "pack_size": null,
                        "unit_name": "u.",
                        "unit_size": 1.0,
                        "bulk_price": "0.58",
                        "unit_price": "1.75",
                        "approx_size": false,
                        "size_format": "ud",
                        "total_units": 3,
                        "unit_selector": true,
                        "bunch_selector": false,
                        "drained_weight": null,
                        "price_decreased": false,
                        "reference_price": "0.58",
                        "min_bunch_amount": 1.0,
                        "reference_format": "ud",
                        "increment_bunch_amount": 1.0
                    }
                },
                {
                    "id": "72680",
                    "limit": 1000,
                    "badges": {
                        "is_water": false,
                        "requires_age_check": false
                    },
                    "packaging": "Capsa",
                    "thumbnail": "https://prod-mercadona.imgix.net/20190521/80/72680/vlc1/72680_00_02.jpg?fit=crop&h=206&w=206",
                    "display_name": "Espelma perfumada Bosque Verde canyella",
                    "bunch_selector": false,
                    "price_instructions": {
                        "iva": 21,
                        "is_new": false,
                        "is_pack": false,
                        "pack_size": null,
                        "unit_name": null,
                        "unit_size": 1.0,
                        "bulk_price": "1.65",
                        "unit_price": "1.65",
                        "approx_size": false,
                        "size_format": "ud",
                        "total_units": null,
                        "unit_selector": true,
                        "bunch_selector": false,
                        "drained_weight": null,
                        "price_decreased": false,
                        "reference_price": "1.65",
                        "min_bunch_amount": 1.0,
                        "reference_format": "ud",
                        "increment_bunch_amount": 1.0
                    }
                },
                {
                    "id": "72657",
                    "limit": 1000,
                    "badges": {
                        "is_water": false,
                        "requires_age_check": false
                    },
                    "packaging": "Ampolla",
                    "thumbnail": "https://prod-mercadona.imgix.net/20190521/57/72657/vlc1/72657_00_02.jpg?fit=crop&h=206&w=206",
                    "display_name": "Ambientador eliminador d'olors Bosque Verde roba neta",
                    "bunch_selector": false,
                    "price_instructions": {
                        "iva": 21,
                        "is_new": false,
                        "is_pack": false,
                        "pack_size": null,
                        "unit_name": null,
                        "unit_size": 0.375,
                        "bulk_price": "3.20",
                        "unit_price": "1.20",
                        "approx_size": false,
                        "size_format": "l",
                        "total_units": null,
                        "unit_selector": true,
                        "bunch_selector": false,
                        "drained_weight": null,
                        "price_decreased": false,
                        "reference_price": "3.20",
                        "min_bunch_amount": 1.0,
                        "reference_format": "L",
                        "increment_bunch_amount": 1.0
                    }
                },
                {
                    "id": "72743",
                    "limit": 1000,
                    "badges": {
                        "is_water": false,
                        "requires_age_check": false
                    },
                    "packaging": null,
                    "thumbnail": "https://prod-mercadona.imgix.net/20190521/43/72743/vlc1/72743_00_01.jpg?fit=crop&h=206&w=206",
                    "display_name": "Ambientador perles Bosque Verde paradise",
                    "bunch_selector": false,
                    "price_instructions": {
                        "iva": 21,
                        "is_new": false,
                        "is_pack": false,
                        "pack_size": null,
                        "unit_name": null,
                        "unit_size": 1.0,
                        "bulk_price": "1.55",
                        "unit_price": "1.55",
                        "approx_size": false,
                        "size_format": "ud",
                        "total_units": null,
                        "unit_selector": true,
                        "bunch_selector": false,
                        "drained_weight": null,
                        "price_decreased": false,
                        "reference_price": "1.55",
                        "min_bunch_amount": 1.0,
                        "reference_format": "ud",
                        "increment_bunch_amount": 1.0
                    }
                },
                {
                    "id": "72737",
                    "limit": 1000,
                    "badges": {
                        "is_water": false,
                        "requires_age_check": false
                    },
                    "packaging": "Ampolla",
                    "thumbnail": "https://prod-mercadona.imgix.net/20190521/37/72737/vlc1/72737_00_02.jpg?fit=crop&h=206&w=206",
                    "display_name": "Ambientador líquid concentrat Foresan WC",
                    "bunch_selector": false,
                    "price_instructions": {
                        "iva": 21,
                        "is_new": false,
                        "is_pack": false,
                        "pack_size": null,
                        "unit_name": null,
                        "unit_size": 0.125,
                        "bulk_price": "12.56",
                        "unit_price": "1.57",
                        "approx_size": false,
                        "size_format": "l",
                        "total_units": null,
                        "unit_selector": true,
                        "bunch_selector": false,
                        "drained_weight": null,
                        "price_decreased": false,
                        "reference_price": "12.56",
                        "min_bunch_amount": 1.0,
                        "reference_format": "L",
                        "increment_bunch_amount": 1.0
                    }
                },
                {
                    "id": "72527",
                    "limit": 1000,
                    "badges": {
                        "is_water": false,
                        "requires_age_check": false
                    },
                    "packaging": "Capsa",
                    "thumbnail": "https://prod-mercadona.imgix.net/20190521/27/72527/vlc1/72527_00_02.jpg?fit=crop&h=206&w=206",
                    "display_name": "Recanvi ambientador Bosque Verde pètals de rosa",
                    "bunch_selector": false,
                    "price_instructions": {
                        "iva": 21,
                        "is_new": false,
                        "is_pack": false,
                        "pack_size": null,
                        "unit_name": "u.",
                        "unit_size": 0.03,
                        "bulk_price": "63.33",
                        "unit_price": "1.90",
                        "approx_size": false,
                        "size_format": "l",
                        "total_units": 2,
                        "unit_selector": true,
                        "bunch_selector": false,
                        "drained_weight": null,
                        "price_decreased": false,
                        "reference_price": "6.33",
                        "min_bunch_amount": 1.0,
                        "reference_format": "100 ml",
                        "increment_bunch_amount": 1.0
                    }
                },
                {
                    "id": "72873",
                    "limit": 1000,
                    "badges": {
                        "is_water": false,
                        "requires_age_check": false
                    },
                    "packaging": "Ampolla",
                    "thumbnail": "https://prod-mercadona.imgix.net/20190521/73/72873/vlc1/72873_00_02.jpg?fit=crop&h=206&w=206",
                    "display_name": "Ambientador líquid concentrat Foresan deluxe",
                    "bunch_selector": false,
                    "price_instructions": {
                        "iva": 21,
                        "is_new": false,
                        "is_pack": false,
                        "pack_size": null,
                        "unit_name": null,
                        "unit_size": 0.125,
                        "bulk_price": "12.56",
                        "unit_price": "1.57",
                        "approx_size": false,
                        "size_format": "l",
                        "total_units": null,
                        "unit_selector": true,
                        "bunch_selector": false,
                        "drained_weight": null,
                        "price_decreased": false,
                        "reference_price": "12.56",
                        "min_bunch_amount": 1.0,
                        "reference_format": "L",
                        "increment_bunch_amount": 1.0
                    }
                },
                {
                    "id": "72678",
                    "limit": 1000,
                    "badges": {
                        "is_water": false,
                        "requires_age_check": false
                    },
                    "packaging": "Capsa",
                    "thumbnail": "https://prod-mercadona.imgix.net/20190521/78/72678/vlc1/72678_00_02.jpg?fit=crop&h=206&w=206",
                    "display_name": "Espelma perfumada Bosque Verde talc",
                    "bunch_selector": false,
                    "price_instructions": {
                        "iva": 21,
                        "is_new": false,
                        "is_pack": false,
                        "pack_size": null,
                        "unit_name": "espelmes",
                        "unit_size": 1.0,
                        "bulk_price": "1.35",
                        "unit_price": "1.35",
                        "approx_size": false,
                        "size_format": "ud",
                        "total_units": 2,
                        "unit_selector": true,
                        "bunch_selector": false,
                        "drained_weight": null,
                        "price_decreased": false,
                        "reference_price": "1.35",
                        "min_bunch_amount": 1.0,
                        "reference_format": "ud",
                        "increment_bunch_amount": 1.0
                    }
                },
                {
                    "id": "72679",
                    "limit": 1000,
                    "badges": {
                        "is_water": false,
                        "requires_age_check": false
                    },
                    "packaging": "Capsa",
                    "thumbnail": "https://prod-mercadona.imgix.net/20190521/79/72679/vlc1/72679_00_02.jpg?fit=crop&h=206&w=206",
                    "display_name": "Espelma perfumada Bosque Verde passió floral",
                    "bunch_selector": false,
                    "price_instructions": {
                        "iva": 21,
                        "is_new": false,
                        "is_pack": false,
                        "pack_size": null,
                        "unit_name": "espelmes",
                        "unit_size": 1.0,
                        "bulk_price": "1.35",
                        "unit_price": "1.35",
                        "approx_size": false,
                        "size_format": "ud",
                        "total_units": 2,
                        "unit_selector": true,
                        "bunch_selector": false,
                        "drained_weight": null,
                        "price_decreased": false,
                        "reference_price": "1.35",
                        "min_bunch_amount": 1.0,
                        "reference_format": "ud",
                        "increment_bunch_amount": 1.0
                    }
                },
                {
                    "id": "72674",
                    "limit": 1000,
                    "badges": {
                        "is_water": false,
                        "requires_age_check": false
                    },
                    "packaging": "Capsa",
                    "thumbnail": "https://prod-mercadona.imgix.net/20190521/74/72674/vlc1/72674_00_07.jpg?fit=crop&h=206&w=206",
                    "display_name": "Espelma perfumada Bosque Verde flor de vainilla",
                    "bunch_selector": false,
                    "price_instructions": {
                        "iva": 21,
                        "is_new": false,
                        "is_pack": false,
                        "pack_size": null,
                        "unit_name": "espelmes",
                        "unit_size": 1.0,
                        "bulk_price": "0.08",
                        "unit_price": "1.50",
                        "approx_size": false,
                        "size_format": "ud",
                        "total_units": 18,
                        "unit_selector": true,
                        "bunch_selector": false,
                        "drained_weight": null,
                        "price_decreased": false,
                        "reference_price": "0.083",
                        "min_bunch_amount": 1.0,
                        "reference_format": "ud",
                        "increment_bunch_amount": 1.0
                    }
                },
                {
                    "id": "72677",
                    "limit": 1000,
                    "badges": {
                        "is_water": false,
                        "requires_age_check": false
                    },
                    "packaging": "Capsa",
                    "thumbnail": "https://prod-mercadona.imgix.net/20190521/77/72677/vlc1/72677_00_02.jpg?fit=crop&h=206&w=206",
                    "display_name": "Espelma perfumada Bosque Verde lavanda",
                    "bunch_selector": false,
                    "price_instructions": {
                        "iva": 21,
                        "is_new": false,
                        "is_pack": false,
                        "pack_size": null,
                        "unit_name": "espelmes",
                        "unit_size": 1.0,
                        "bulk_price": "1.35",
                        "unit_price": "1.35",
                        "approx_size": false,
                        "size_format": "ud",
                        "total_units": 2,
                        "unit_selector": true,
                        "bunch_selector": false,
                        "drained_weight": null,
                        "price_decreased": false,
                        "reference_price": "1.35",
                        "min_bunch_amount": 1.0,
                        "reference_format": "ud",
                        "increment_bunch_amount": 1.0
                    }
                },
                {
                    "id": "72709",
                    "limit": 1000,
                    "badges": {
                        "is_water": false,
                        "requires_age_check": false
                    },
                    "packaging": "Paquet",
                    "thumbnail": "https://prod-mercadona.imgix.net/20190521/09/72709/vlc1/72709_00_02.jpg?fit=crop&h=206&w=206",
                    "display_name": "Barres d'encens Sonata aroma gessamí",
                    "bunch_selector": false,
                    "price_instructions": {
                        "iva": 21,
                        "is_new": false,
                        "is_pack": false,
                        "pack_size": null,
                        "unit_name": "u.",
                        "unit_size": 1.0,
                        "bulk_price": "0.06",
                        "unit_price": "1.10",
                        "approx_size": false,
                        "size_format": "ud",
                        "total_units": 20,
                        "unit_selector": true,
                        "bunch_selector": false,
                        "drained_weight": null,
                        "price_decreased": false,
                        "reference_price": "0.055",
                        "min_bunch_amount": 1.0,
                        "reference_format": "ud",
                        "increment_bunch_amount": 1.0
                    }
                },
                {
                    "id": "72812",
                    "limit": 1000,
                    "badges": {
                        "is_water": false,
                        "requires_age_check": false
                    },
                    "packaging": "Paquet",
                    "thumbnail": "https://prod-mercadona.imgix.net/20190521/12/72812/vlc1/72812_00_02.jpg?fit=crop&h=206&w=206",
                    "display_name": "Recanvi ambientador Glade by brise frescor de primavera",
                    "bunch_selector": false,
                    "price_instructions": {
                        "iva": 21,
                        "is_new": false,
                        "is_pack": false,
                        "pack_size": null,
                        "unit_name": null,
                        "unit_size": 0.018,
                        "bulk_price": "149.44",
                        "unit_price": "2.69",
                        "approx_size": false,
                        "size_format": "l",
                        "total_units": null,
                        "unit_selector": true,
                        "bunch_selector": false,
                        "drained_weight": null,
                        "price_decreased": false,
                        "reference_price": "14.94",
                        "min_bunch_amount": 1.0,
                        "reference_format": "100 ml",
                        "increment_bunch_amount": 1.0
                    }
                },
                {
                    "id": "72514",
                    "limit": 1000,
                    "badges": {
                        "is_water": false,
                        "requires_age_check": false
                    },
                    "packaging": null,
                    "thumbnail": "https://prod-mercadona.imgix.net/20190521/14/72514/vlc1/72514_00_01.jpg?fit=crop&h=206&w=206",
                    "display_name": "Dispositiu antihumitat Bosque Verde amb aromes cítrics",
                    "bunch_selector": false,
                    "price_instructions": {
                        "iva": 21,
                        "is_new": false,
                        "is_pack": false,
                        "pack_size": null,
                        "unit_name": null,
                        "unit_size": 1.0,
                        "bulk_price": "3.35",
                        "unit_price": "3.35",
                        "approx_size": false,
                        "size_format": "ud",
                        "total_units": null,
                        "unit_selector": true,
                        "bunch_selector": false,
                        "drained_weight": null,
                        "price_decreased": false,
                        "reference_price": "3.35",
                        "min_bunch_amount": 1.0,
                        "reference_format": "ud",
                        "increment_bunch_amount": 1.0
                    }
                },
                {
                    "id": "72809",
                    "limit": 1000,
                    "badges": {
                        "is_water": false,
                        "requires_age_check": false
                    },
                    "packaging": "Paquet",
                    "thumbnail": "https://prod-mercadona.imgix.net/20190521/09/72809/vlc1/72809_00_02.jpg?fit=crop&h=206&w=206",
                    "display_name": "Recanvi ambientador Glade by brise relax zen",
                    "bunch_selector": false,
                    "price_instructions": {
                        "iva": 21,
                        "is_new": false,
                        "is_pack": false,
                        "pack_size": null,
                        "unit_name": null,
                        "unit_size": 0.008,
                        "bulk_price": "307.50",
                        "unit_price": "2.46",
                        "approx_size": false,
                        "size_format": "kg",
                        "total_units": null,
                        "unit_selector": true,
                        "bunch_selector": false,
                        "drained_weight": null,
                        "price_decreased": false,
                        "reference_price": "30.75",
                        "min_bunch_amount": 1.0,
                        "reference_format": "100 g",
                        "increment_bunch_amount": 1.0
                    }
                },
                {
                    "id": "79448",
                    "limit": 1000,
                    "badges": {
                        "is_water": false,
                        "requires_age_check": false
                    },
                    "packaging": "Paquet",
                    "thumbnail": "https://prod-mercadona.imgix.net/20190521/48/79448/vlc1/79448_00_02.jpg?fit=crop&h=206&w=206",
                    "display_name": "Ambientador cotxe Bosque Verde marine",
                    "bunch_selector": false,
                    "price_instructions": {
                        "iva": 21,
                        "is_new": false,
                        "is_pack": false,
                        "pack_size": null,
                        "unit_name": null,
                        "unit_size": 1.0,
                        "bulk_price": "1.85",
                        "unit_price": "1.85",
                        "approx_size": false,
                        "size_format": "ud",
                        "total_units": null,
                        "unit_selector": true,
                        "bunch_selector": false,
                        "drained_weight": null,
                        "price_decreased": false,
                        "reference_price": "1.85",
                        "min_bunch_amount": 1.0,
                        "reference_format": "ud",
                        "increment_bunch_amount": 1.0
                    }
                },
                {
                    "id": "79447",
                    "limit": 1000,
                    "badges": {
                        "is_water": false,
                        "requires_age_check": false
                    },
                    "packaging": "Paquet",
                    "thumbnail": "https://prod-mercadona.imgix.net/20190521/47/79447/vlc1/79447_00_02.jpg?fit=crop&h=206&w=206",
                    "display_name": "Ambientador cotxe Bosque Verde exòtic",
                    "bunch_selector": false,
                    "price_instructions": {
                        "iva": 21,
                        "is_new": false,
                        "is_pack": false,
                        "pack_size": null,
                        "unit_name": null,
                        "unit_size": 1.0,
                        "bulk_price": "1.85",
                        "unit_price": "1.85",
                        "approx_size": false,
                        "size_format": "ud",
                        "total_units": null,
                        "unit_selector": true,
                        "bunch_selector": false,
                        "drained_weight": null,
                        "price_decreased": false,
                        "reference_price": "1.85",
                        "min_bunch_amount": 1.0,
                        "reference_format": "ud",
                        "increment_bunch_amount": 1.0
                    }
                },
                {
                    "id": "79449",
                    "limit": 1000,
                    "badges": {
                        "is_water": false,
                        "requires_age_check": false
                    },
                    "packaging": "Paquet",
                    "thumbnail": "https://prod-mercadona.imgix.net/20190521/49/79449/vlc1/79449_00_02.jpg?fit=crop&h=206&w=206",
                    "display_name": "Ambientador cotxe Bosque Verde llima",
                    "bunch_selector": false,
                    "price_instructions": {
                        "iva": 21,
                        "is_new": false,
                        "is_pack": false,
                        "pack_size": null,
                        "unit_name": null,
                        "unit_size": 1.0,
                        "bulk_price": "1.85",
                        "unit_price": "1.85",
                        "approx_size": false,
                        "size_format": "ud",
                        "total_units": null,
                        "unit_selector": true,
                        "bunch_selector": false,
                        "drained_weight": null,
                        "price_decreased": false,
                        "reference_price": "1.85",
                        "min_bunch_amount": 1.0,
                        "reference_format": "ud",
                        "increment_bunch_amount": 1.0
                    }
                },
                {
                    "id": "79424",
                    "limit": 1000,
                    "badges": {
                        "is_water": false,
                        "requires_age_check": false
                    },
                    "packaging": "Capsa",
                    "thumbnail": "https://prod-mercadona.imgix.net/20190521/24/79424/vlc1/79424_00_02.jpg?fit=crop&h=206&w=206",
                    "display_name": "Ambientador cotxe Bosque Verde happy",
                    "bunch_selector": false,
                    "price_instructions": {
                        "iva": 21,
                        "is_new": false,
                        "is_pack": false,
                        "pack_size": null,
                        "unit_name": null,
                        "unit_size": 1.0,
                        "bulk_price": "1.95",
                        "unit_price": "1.95",
                        "approx_size": false,
                        "size_format": "ud",
                        "total_units": null,
                        "unit_selector": true,
                        "bunch_selector": false,
                        "drained_weight": null,
                        "price_decreased": false,
                        "reference_price": "1.95",
                        "min_bunch_amount": 1.0,
                        "reference_format": "ud",
                        "increment_bunch_amount": 1.0
                    }
                },
                {
                    "id": "79425",
                    "limit": 1000,
                    "badges": {
                        "is_water": false,
                        "requires_age_check": false
                    },
                    "packaging": "Capsa",
                    "thumbnail": "https://prod-mercadona.imgix.net/20190521/25/79425/vlc1/79425_00_02.jpg?fit=crop&h=206&w=206",
                    "display_name": "Ambientador cotxe Bosque Verde Bali",
                    "bunch_selector": false,
                    "price_instructions": {
                        "iva": 21,
                        "is_new": false,
                        "is_pack": false,
                        "pack_size": null,
                        "unit_name": null,
                        "unit_size": 1.0,
                        "bulk_price": "1.95",
                        "unit_price": "1.95",
                        "approx_size": false,
                        "size_format": "ud",
                        "total_units": null,
                        "unit_selector": true,
                        "bunch_selector": false,
                        "drained_weight": null,
                        "price_decreased": false,
                        "reference_price": "1.95",
                        "min_bunch_amount": 1.0,
                        "reference_format": "ud",
                        "increment_bunch_amount": 1.0
                    }
                },
                {
                    "id": "72565",
                    "limit": 1000,
                    "badges": {
                        "is_water": false,
                        "requires_age_check": false
                    },
                    "packaging": "Esprai",
                    "thumbnail": "https://prod-mercadona.imgix.net/20190521/65/72565/vlc1/72565_00_02.jpg?fit=crop&h=206&w=206",
                    "display_name": "Ambientador Bosque Verde Mistery",
                    "bunch_selector": false,
                    "price_instructions": {
                        "iva": 21,
                        "is_new": false,
                        "is_pack": false,
                        "pack_size": null,
                        "unit_name": null,
                        "unit_size": 0.3,
                        "bulk_price": "0.95",
                        "unit_price": "0.95",
                        "approx_size": false,
                        "size_format": "l",
                        "total_units": null,
                        "unit_selector": true,
                        "bunch_selector": false,
                        "drained_weight": null,
                        "price_decreased": false,
                        "reference_price": "0.95",
                        "min_bunch_amount": 1.0,
                        "reference_format": "ud",
                        "increment_bunch_amount": 1.0
                    }
                },
                {
                    "id": "79446",
                    "limit": 1000,
                    "badges": {
                        "is_water": false,
                        "requires_age_check": false
                    },
                    "packaging": "Capsa",
                    "thumbnail": "https://prod-mercadona.imgix.net/20190521/46/79446/vlc1/79446_00_02.jpg?fit=crop&h=206&w=206",
                    "display_name": "Ambientador cotxe Bosque Verde fruits silvestres",
                    "bunch_selector": false,
                    "price_instructions": {
                        "iva": 21,
                        "is_new": false,
                        "is_pack": false,
                        "pack_size": null,
                        "unit_name": null,
                        "unit_size": 1.0,
                        "bulk_price": "1.95",
                        "unit_price": "1.95",
                        "approx_size": false,
                        "size_format": "ud",
                        "total_units": null,
                        "unit_selector": true,
                        "bunch_selector": false,
                        "drained_weight": null,
                        "price_decreased": false,
                        "reference_price": "1.95",
                        "min_bunch_amount": 1.0,
                        "reference_format": "ud",
                        "increment_bunch_amount": 1.0
                    }
                },
                {
                    "id": "72663",
                    "limit": 1000,
                    "badges": {
                        "is_water": false,
                        "requires_age_check": false
                    },
                    "packaging": "Capsa",
                    "thumbnail": "https://prod-mercadona.imgix.net/20190521/63/72663/vlc1/72663_00_07.jpg?fit=crop&h=206&w=206",
                    "display_name": "Espelma perfumada Bosque Verde suc tropical",
                    "bunch_selector": false,
                    "price_instructions": {
                        "iva": 21,
                        "is_new": false,
                        "is_pack": false,
                        "pack_size": null,
                        "unit_name": "espelmes",
                        "unit_size": 1.0,
                        "bulk_price": "0.08",
                        "unit_price": "1.50",
                        "approx_size": false,
                        "size_format": "ud",
                        "total_units": 18,
                        "unit_selector": true,
                        "bunch_selector": false,
                        "drained_weight": null,
                        "price_decreased": false,
                        "reference_price": "0.083",
                        "min_bunch_amount": 1.0,
                        "reference_format": "ud",
                        "increment_bunch_amount": 1.0
                    }
                },
                {
                    "id": "72530",
                    "limit": 1000,
                    "badges": {
                        "is_water": false,
                        "requires_age_check": false
                    },
                    "packaging": "Paquet",
                    "thumbnail": "https://prod-mercadona.imgix.net/20190521/30/72530/vlc1/72530_00_02.jpg?fit=crop&h=206&w=206",
                    "display_name": "Difusor multifragància elèctric Bosque Verde",
                    "bunch_selector": false,
                    "price_instructions": {
                        "iva": 21,
                        "is_new": false,
                        "is_pack": false,
                        "pack_size": null,
                        "unit_name": null,
                        "unit_size": 1.0,
                        "bulk_price": "2.15",
                        "unit_price": "2.15",
                        "approx_size": false,
                        "size_format": "ud",
                        "total_units": null,
                        "unit_selector": true,
                        "bunch_selector": false,
                        "drained_weight": null,
                        "price_decreased": false,
                        "reference_price": "2.15",
                        "min_bunch_amount": 1.0,
                        "reference_format": "ud",
                        "increment_bunch_amount": 1.0
                    }
                },
                {
                    "id": "72878",
                    "limit": 1000,
                    "badges": {
                        "is_water": false,
                        "requires_age_check": false
                    },
                    "packaging": "Paquet",
                    "thumbnail": "https://prod-mercadona.imgix.net/20190521/78/72878/vlc1/72878_00_02.jpg?fit=crop&h=206&w=206",
                    "display_name": "Xuclaolors en gel per a frigorífic Relevi",
                    "bunch_selector": false,
                    "price_instructions": {
                        "iva": 21,
                        "is_new": false,
                        "is_pack": false,
                        "pack_size": null,
                        "unit_name": null,
                        "unit_size": 1.0,
                        "bulk_price": "1.80",
                        "unit_price": "1.80",
                        "approx_size": false,
                        "size_format": "ud",
                        "total_units": null,
                        "unit_selector": true,
                        "bunch_selector": false,
                        "drained_weight": null,
                        "price_decreased": false,
                        "reference_price": "1.80",
                        "min_bunch_amount": 1.0,
                        "reference_format": "ud",
                        "increment_bunch_amount": 1.0
                    }
                },
                {
                    "id": "72714",
                    "limit": 1000,
                    "badges": {
                        "is_water": false,
                        "requires_age_check": false
                    },
                    "packaging": "Paquet",
                    "thumbnail": "https://prod-mercadona.imgix.net/20190521/14/72714/vlc1/72714_00_02.jpg?fit=crop&h=206&w=206",
                    "display_name": "Barres d'encens Sonata aroma sàndal",
                    "bunch_selector": false,
                    "price_instructions": {
                        "iva": 21,
                        "is_new": false,
                        "is_pack": false,
                        "pack_size": null,
                        "unit_name": "u.",
                        "unit_size": 1.0,
                        "bulk_price": "0.06",
                        "unit_price": "1.10",
                        "approx_size": false,
                        "size_format": "ud",
                        "total_units": 20,
                        "unit_selector": true,
                        "bunch_selector": false,
                        "drained_weight": null,
                        "price_decreased": false,
                        "reference_price": "0.055",
                        "min_bunch_amount": 1.0,
                        "reference_format": "ud",
                        "increment_bunch_amount": 1.0
                    }
                },
                {
                    "id": "72077",
                    "limit": 1000,
                    "badges": {
                        "is_water": false,
                        "requires_age_check": false
                    },
                    "packaging": "Capsa",
                    "thumbnail": "https://prod-mercadona.imgix.net/20190521/77/72077/vlc1/72077_00_07.jpg?fit=crop&h=206&w=206",
                    "display_name": "Espelma perfumada Bosque Verde te chai",
                    "bunch_selector": false,
                    "price_instructions": {
                        "iva": 21,
                        "is_new": false,
                        "is_pack": false,
                        "pack_size": null,
                        "unit_name": "espelmes",
                        "unit_size": 1.0,
                        "bulk_price": "1.50",
                        "unit_price": "1.50",
                        "approx_size": false,
                        "size_format": "ud",
                        "total_units": 18,
                        "unit_selector": true,
                        "bunch_selector": false,
                        "drained_weight": null,
                        "price_decreased": false,
                        "reference_price": "1.50",
                        "min_bunch_amount": 1.0,
                        "reference_format": "ud",
                        "increment_bunch_amount": 1.0
                    }
                },
                {
                    "id": "72843",
                    "limit": 1000,
                    "badges": {
                        "is_water": false,
                        "requires_age_check": false
                    },
                    "packaging": "Paquet",
                    "thumbnail": "https://prod-mercadona.imgix.net/20190521/43/72843/vlc1/72843_00_00.jpg?fit=crop&h=206&w=206",
                    "display_name": "Recanvi ambientador Glade by brise relax zen",
                    "bunch_selector": false,
                    "price_instructions": {
                        "iva": 21,
                        "is_new": false,
                        "is_pack": false,
                        "pack_size": null,
                        "unit_name": null,
                        "unit_size": 0.018,
                        "bulk_price": "149.44",
                        "unit_price": "2.69",
                        "approx_size": false,
                        "size_format": "l",
                        "total_units": null,
                        "unit_selector": true,
                        "bunch_selector": false,
                        "drained_weight": null,
                        "price_decreased": false,
                        "reference_price": "14.94",
                        "min_bunch_amount": 1.0,
                        "reference_format": "100 ml",
                        "increment_bunch_amount": 1.0
                    }
                },
                {
                    "id": "72808",
                    "limit": 1000,
                    "badges": {
                        "is_water": false,
                        "requires_age_check": false
                    },
                    "packaging": "Paquet",
                    "thumbnail": "https://prod-mercadona.imgix.net/20190521/08/72808/vlc1/72808_00_02.jpg?fit=crop&h=206&w=206",
                    "display_name": "Recanvi ambientador Glade by brise lavanda i gessamí",
                    "bunch_selector": false,
                    "price_instructions": {
                        "iva": 21,
                        "is_new": false,
                        "is_pack": false,
                        "pack_size": null,
                        "unit_name": null,
                        "unit_size": 0.008,
                        "bulk_price": "307.50",
                        "unit_price": "2.46",
                        "approx_size": false,
                        "size_format": "kg",
                        "total_units": null,
                        "unit_selector": true,
                        "bunch_selector": false,
                        "drained_weight": null,
                        "price_decreased": false,
                        "reference_price": "30.75",
                        "min_bunch_amount": 1.0,
                        "reference_format": "100 g",
                        "increment_bunch_amount": 1.0
                    }
                },
                {
                    "id": "72837",
                    "limit": 1000,
                    "badges": {
                        "is_water": false,
                        "requires_age_check": false
                    },
                    "packaging": "Paquet",
                    "thumbnail": "https://prod-mercadona.imgix.net/20190521/37/72837/vlc1/72837_00_00.jpg?fit=crop&h=206&w=206",
                    "display_name": "Recanvi ambientador Glade by brise lavanda i gessamí",
                    "bunch_selector": false,
                    "price_instructions": {
                        "iva": 21,
                        "is_new": false,
                        "is_pack": false,
                        "pack_size": null,
                        "unit_name": null,
                        "unit_size": 0.018,
                        "bulk_price": "149.44",
                        "unit_price": "2.69",
                        "approx_size": false,
                        "size_format": "l",
                        "total_units": null,
                        "unit_selector": true,
                        "bunch_selector": false,
                        "drained_weight": null,
                        "price_decreased": false,
                        "reference_price": "14.94",
                        "min_bunch_amount": 1.0,
                        "reference_format": "100 ml",
                        "increment_bunch_amount": 1.0
                    }
                },
                {
                    "id": "72013",
                    "limit": 1000,
                    "badges": {
                        "is_water": false,
                        "requires_age_check": false
                    },
                    "packaging": "Paquet",
                    "thumbnail": "https://prod-mercadona.imgix.net/20190521/13/72013/vlc1/72013_00_02.jpg?fit=crop&h=206&w=206",
                    "display_name": "Recanvi ambientador Glade by brise baies i mores silvestres",
                    "bunch_selector": false,
                    "price_instructions": {
                        "iva": 21,
                        "is_new": false,
                        "is_pack": false,
                        "pack_size": null,
                        "unit_name": null,
                        "unit_size": 0.008,
                        "bulk_price": "307.50",
                        "unit_price": "2.46",
                        "approx_size": false,
                        "size_format": "kg",
                        "total_units": null,
                        "unit_selector": true,
                        "bunch_selector": false,
                        "drained_weight": null,
                        "price_decreased": false,
                        "reference_price": "30.75",
                        "min_bunch_amount": 1.0,
                        "reference_format": "100 ml",
                        "increment_bunch_amount": 1.0
                    }
                },
                {
                    "id": "72802",
                    "limit": 1000,
                    "badges": {
                        "is_water": false,
                        "requires_age_check": false
                    },
                    "packaging": "Paquet",
                    "thumbnail": "https://prod-mercadona.imgix.net/20190521/02/72802/vlc1/72802_00_02.jpg?fit=crop&h=206&w=206",
                    "display_name": "Difusor elèctric Glade by brise amb recanvi",
                    "bunch_selector": false,
                    "price_instructions": {
                        "iva": 21,
                        "is_new": false,
                        "is_pack": false,
                        "pack_size": null,
                        "unit_name": null,
                        "unit_size": 1.0,
                        "bulk_price": "2.90",
                        "unit_price": "2.90",
                        "approx_size": false,
                        "size_format": "ud",
                        "total_units": null,
                        "unit_selector": true,
                        "bunch_selector": false,
                        "drained_weight": null,
                        "price_decreased": false,
                        "reference_price": "2.90",
                        "min_bunch_amount": 1.0,
                        "reference_format": "ud",
                        "increment_bunch_amount": 1.0
                    }
                },
                {
                    "id": "72087",
                    "limit": 1000,
                    "badges": {
                        "is_water": false,
                        "requires_age_check": false
                    },
                    "packaging": "Got",
                    "thumbnail": "https://prod-mercadona.imgix.net/20190521/87/72087/vlc1/72087_00_02.jpg?fit=crop&h=206&w=206",
                    "display_name": "Espelma antimosquits Relevi",
                    "bunch_selector": false,
                    "price_instructions": {
                        "iva": 21,
                        "is_new": false,
                        "is_pack": false,
                        "pack_size": null,
                        "unit_name": null,
                        "unit_size": 1.0,
                        "bulk_price": "1.95",
                        "unit_price": "1.95",
                        "approx_size": false,
                        "size_format": "ud",
                        "total_units": null,
                        "unit_selector": true,
                        "bunch_selector": false,
                        "drained_weight": null,
                        "price_decreased": false,
                        "reference_price": "1.95",
                        "min_bunch_amount": 1.0,
                        "reference_format": "ud",
                        "increment_bunch_amount": 1.0
                    }
                },
                {
                    "id": "72092",
                    "limit": 1000,
                    "badges": {
                        "is_water": false,
                        "requires_age_check": false
                    },
                    "packaging": "Esprai",
                    "thumbnail": "https://prod-mercadona.imgix.net/20190521/92/72092/vlc1/72092_00_02.jpg?fit=crop&h=206&w=206",
                    "display_name": "Insecticida escarabats i formigues Bosque Verde eficaç a l'instant",
                    "bunch_selector": false,
                    "price_instructions": {
                        "iva": 21,
                        "is_new": false,
                        "is_pack": false,
                        "pack_size": null,
                        "unit_name": null,
                        "unit_size": 0.4,
                        "bulk_price": "4.98",
                        "unit_price": "1.99",
                        "approx_size": false,
                        "size_format": "l",
                        "total_units": null,
                        "unit_selector": true,
                        "bunch_selector": false,
                        "drained_weight": null,
                        "price_decreased": false,
                        "reference_price": "4.98",
                        "min_bunch_amount": 1.0,
                        "reference_format": "L",
                        "increment_bunch_amount": 1.0
                    }
                }
            ],
            "is_extended": false
        },
        {
            "id": 234,
            "name": "Lleixiu i líquids forts",
            "layout": 1,
            "products": [
                {
                    "id": "43024",
                    "limit": 1000,
                    "badges": {
                        "is_water": false,
                        "requires_age_check": false
                    },
                    "packaging": "Ampolla",
                    "thumbnail": "https://prod-mercadona.imgix.net/20190521/24/43024/vlc1/43024_00_02.jpg?fit=crop&h=206&w=206",
                    "display_name": "Lleixiu amb detergent i perfum Bosque Verde",
                    "bunch_selector": false,
                    "price_instructions": {
                        "iva": 21,
                        "is_new": false,
                        "is_pack": false,
                        "pack_size": null,
                        "unit_name": null,
                        "unit_size": 2.0,
                        "bulk_price": "0.36",
                        "unit_price": "0.71",
                        "approx_size": false,
                        "size_format": "l",
                        "total_units": null,
                        "unit_selector": true,
                        "bunch_selector": false,
                        "drained_weight": null,
                        "price_decreased": false,
                        "reference_price": "0.36",
                        "min_bunch_amount": 1.0,
                        "reference_format": "L",
                        "increment_bunch_amount": 1.0
                    }
                },
                {
                    "id": "43011",
                    "limit": 1000,
                    "badges": {
                        "is_water": false,
                        "requires_age_check": false
                    },
                    "packaging": "Garrafa",
                    "thumbnail": "https://prod-mercadona.imgix.net/20190521/11/43011/vlc1/43011_00_02.jpg?fit=crop&h=206&w=206",
                    "display_name": "Lleixiu normal Bosque Verde",
                    "bunch_selector": false,
                    "price_instructions": {
                        "iva": 21,
                        "is_new": false,
                        "is_pack": false,
                        "pack_size": null,
                        "unit_name": null,
                        "unit_size": 5.0,
                        "bulk_price": "0.24",
                        "unit_price": "1.21",
                        "approx_size": false,
                        "size_format": "l",
                        "total_units": null,
                        "unit_selector": true,
                        "bunch_selector": false,
                        "drained_weight": null,
                        "price_decreased": false,
                        "reference_price": "0.24",
                        "min_bunch_amount": 1.0,
                        "reference_format": "L",
                        "increment_bunch_amount": 1.0
                    }
                },
                {
                    "id": "43022",
                    "limit": 1000,
                    "badges": {
                        "is_water": false,
                        "requires_age_check": false
                    },
                    "packaging": "Ampolla",
                    "thumbnail": "https://prod-mercadona.imgix.net/20190521/22/43022/vlc1/43022_00_02.jpg?fit=crop&h=206&w=206",
                    "display_name": "Lleixiu densa Bosque Verde màxima blancor",
                    "bunch_selector": false,
                    "price_instructions": {
                        "iva": 21,
                        "is_new": false,
                        "is_pack": false,
                        "pack_size": null,
                        "unit_name": null,
                        "unit_size": 2.0,
                        "bulk_price": "0.50",
                        "unit_price": "1.00",
                        "approx_size": false,
                        "size_format": "l",
                        "total_units": null,
                        "unit_selector": true,
                        "bunch_selector": false,
                        "drained_weight": null,
                        "price_decreased": false,
                        "reference_price": "0.50",
                        "min_bunch_amount": 1.0,
                        "reference_format": "L",
                        "increment_bunch_amount": 1.0
                    }
                },
                {
                    "id": "43030",
                    "limit": 1000,
                    "badges": {
                        "is_water": false,
                        "requires_age_check": false
                    },
                    "packaging": "Ampolla",
                    "thumbnail": "https://prod-mercadona.imgix.net/20190521/30/43030/vlc1/43030_00_02.jpg?fit=crop&h=206&w=206",
                    "display_name": "Lleixiu amb detergent Estrella llimona",
                    "bunch_selector": false,
                    "price_instructions": {
                        "iva": 21,
                        "is_new": false,
                        "is_pack": false,
                        "pack_size": null,
                        "unit_name": null,
                        "unit_size": 1.5,
                        "bulk_price": "1.09",
                        "unit_price": "1.64",
                        "approx_size": false,
                        "size_format": "l",
                        "total_units": null,
                        "unit_selector": true,
                        "bunch_selector": false,
                        "drained_weight": null,
                        "price_decreased": false,
                        "reference_price": "1.09",
                        "min_bunch_amount": 1.0,
                        "reference_format": "L",
                        "increment_bunch_amount": 1.0
                    }
                },
                {
                    "id": "43036",
                    "limit": 1000,
                    "badges": {
                        "is_water": false,
                        "requires_age_check": false
                    },
                    "packaging": "Ampolla",
                    "thumbnail": "https://prod-mercadona.imgix.net/20190521/36/43036/vlc1/43036_00_02.jpg?fit=crop&h=206&w=206",
                    "display_name": "Lleixiu Neutrex futura",
                    "bunch_selector": false,
                    "price_instructions": {
                        "iva": 21,
                        "is_new": false,
                        "is_pack": false,
                        "pack_size": null,
                        "unit_name": null,
                        "unit_size": 2.0,
                        "bulk_price": "0.92",
                        "unit_price": "1.84",
                        "approx_size": false,
                        "size_format": "l",
                        "total_units": null,
                        "unit_selector": true,
                        "bunch_selector": false,
                        "drained_weight": null,
                        "price_decreased": false,
                        "reference_price": "0.92",
                        "min_bunch_amount": 1.0,
                        "reference_format": "L",
                        "increment_bunch_amount": 1.0
                    }
                },
                {
                    "id": "43037",
                    "limit": 1000,
                    "badges": {
                        "is_water": false,
                        "requires_age_check": false
                    },
                    "packaging": "Ampolla",
                    "thumbnail": "https://prod-mercadona.imgix.net/20190521/37/43037/vlc1/43037_00_02.jpg?fit=crop&h=206&w=206",
                    "display_name": "Lleixiu perfumada Neutrex frescor verda",
                    "bunch_selector": false,
                    "price_instructions": {
                        "iva": 21,
                        "is_new": false,
                        "is_pack": false,
                        "pack_size": null,
                        "unit_name": null,
                        "unit_size": 2.0,
                        "bulk_price": "0.87",
                        "unit_price": "1.74",
                        "approx_size": false,
                        "size_format": "l",
                        "total_units": null,
                        "unit_selector": true,
                        "bunch_selector": false,
                        "drained_weight": null,
                        "price_decreased": false,
                        "reference_price": "0.87",
                        "min_bunch_amount": 1.0,
                        "reference_format": "L",
                        "increment_bunch_amount": 1.0
                    }
                },
                {
                    "id": "43050",
                    "limit": 1000,
                    "badges": {
                        "is_water": false,
                        "requires_age_check": false
                    },
                    "packaging": "Ampolla",
                    "thumbnail": "https://prod-mercadona.imgix.net/20190521/50/43050/vlc1/43050_00_02.jpg?fit=crop&h=206&w=206",
                    "display_name": "Preparat de lleixiu perfumada Bosque Verde",
                    "bunch_selector": false,
                    "price_instructions": {
                        "iva": 21,
                        "is_new": false,
                        "is_pack": false,
                        "pack_size": null,
                        "unit_name": null,
                        "unit_size": 2.0,
                        "bulk_price": "0.52",
                        "unit_price": "1.05",
                        "approx_size": false,
                        "size_format": "l",
                        "total_units": null,
                        "unit_selector": true,
                        "bunch_selector": false,
                        "drained_weight": null,
                        "price_decreased": false,
                        "reference_price": "0.52",
                        "min_bunch_amount": 1.0,
                        "reference_format": "L",
                        "increment_bunch_amount": 1.0
                    }
                },
                {
                    "id": "43054",
                    "limit": 1000,
                    "badges": {
                        "is_water": false,
                        "requires_age_check": false
                    },
                    "packaging": "Ampolla",
                    "thumbnail": "https://prod-mercadona.imgix.net/20190521/54/43054/vlc1/43054_00_02.jpg?fit=crop&h=206&w=206",
                    "display_name": "Lleixiu amb detergent Bosque Verde llimona",
                    "bunch_selector": false,
                    "price_instructions": {
                        "iva": 21,
                        "is_new": false,
                        "is_pack": false,
                        "pack_size": null,
                        "unit_name": null,
                        "unit_size": 2.0,
                        "bulk_price": "0.49",
                        "unit_price": "0.98",
                        "approx_size": false,
                        "size_format": "l",
                        "total_units": null,
                        "unit_selector": true,
                        "bunch_selector": false,
                        "drained_weight": null,
                        "price_decreased": false,
                        "reference_price": "0.49",
                        "min_bunch_amount": 1.0,
                        "reference_format": "L",
                        "increment_bunch_amount": 1.0
                    }
                },
                {
                    "id": "43057",
                    "limit": 1000,
                    "badges": {
                        "is_water": false,
                        "requires_age_check": false
                    },
                    "packaging": "Pot",
                    "thumbnail": "https://prod-mercadona.imgix.net/20190521/57/43057/vlc1/43057_00_02.jpg?fit=crop&h=206&w=206",
                    "display_name": "Pastilles desinfectants multiusos Orache",
                    "bunch_selector": false,
                    "price_instructions": {
                        "iva": 21,
                        "is_new": false,
                        "is_pack": false,
                        "pack_size": null,
                        "unit_name": null,
                        "unit_size": 48.0,
                        "bulk_price": "0.03",
                        "unit_price": "1.40",
                        "approx_size": false,
                        "size_format": "ud",
                        "total_units": null,
                        "unit_selector": true,
                        "bunch_selector": false,
                        "drained_weight": null,
                        "price_decreased": false,
                        "reference_price": "0.029",
                        "min_bunch_amount": 1.0,
                        "reference_format": "ud",
                        "increment_bunch_amount": 1.0
                    }
                },
                {
                    "id": "43075",
                    "limit": 1000,
                    "badges": {
                        "is_water": false,
                        "requires_age_check": false
                    },
                    "packaging": "Ampolla",
                    "thumbnail": "https://prod-mercadona.imgix.net/20190521/75/43075/vlc1/43075_00_02.jpg?fit=crop&h=206&w=206",
                    "display_name": "Lleixiu normal Bosque Verde",
                    "bunch_selector": false,
                    "price_instructions": {
                        "iva": 21,
                        "is_new": false,
                        "is_pack": false,
                        "pack_size": null,
                        "unit_name": null,
                        "unit_size": 2.0,
                        "bulk_price": "0.31",
                        "unit_price": "0.62",
                        "approx_size": false,
                        "size_format": "l",
                        "total_units": null,
                        "unit_selector": true,
                        "bunch_selector": false,
                        "drained_weight": null,
                        "price_decreased": false,
                        "reference_price": "0.31",
                        "min_bunch_amount": 1.0,
                        "reference_format": "L",
                        "increment_bunch_amount": 1.0
                    }
                },
                {
                    "id": "43060",
                    "limit": 1000,
                    "badges": {
                        "is_water": false,
                        "requires_age_check": false
                    },
                    "packaging": "Ampolla",
                    "thumbnail": "https://prod-mercadona.imgix.net/20190521/60/43060/vlc1/43060_00_02.jpg?fit=crop&h=206&w=206",
                    "display_name": "Lleixiu multiusos Bosque Verde",
                    "bunch_selector": false,
                    "price_instructions": {
                        "iva": 21,
                        "is_new": false,
                        "is_pack": false,
                        "pack_size": null,
                        "unit_name": null,
                        "unit_size": 0.75,
                        "bulk_price": "2.13",
                        "unit_price": "1.60",
                        "approx_size": false,
                        "size_format": "l",
                        "total_units": null,
                        "unit_selector": true,
                        "bunch_selector": false,
                        "drained_weight": null,
                        "price_decreased": false,
                        "reference_price": "2.13",
                        "min_bunch_amount": 1.0,
                        "reference_format": "L",
                        "increment_bunch_amount": 1.0
                    }
                },
                {
                    "id": "43124",
                    "limit": 1000,
                    "badges": {
                        "is_water": false,
                        "requires_age_check": false
                    },
                    "packaging": "Garrafa",
                    "thumbnail": "https://prod-mercadona.imgix.net/20190521/24/43124/vlc1/43124_00_02.jpg?fit=crop&h=206&w=206",
                    "display_name": "Lleixiu dens Bosque Verde",
                    "bunch_selector": false,
                    "price_instructions": {
                        "iva": 21,
                        "is_new": false,
                        "is_pack": false,
                        "pack_size": null,
                        "unit_name": null,
                        "unit_size": 5.0,
                        "bulk_price": "0.39",
                        "unit_price": "1.95",
                        "approx_size": false,
                        "size_format": "l",
                        "total_units": null,
                        "unit_selector": true,
                        "bunch_selector": false,
                        "drained_weight": null,
                        "price_decreased": false,
                        "reference_price": "0.39",
                        "min_bunch_amount": 1.0,
                        "reference_format": "L",
                        "increment_bunch_amount": 1.0
                    }
                },
                {
                    "id": "43800",
                    "limit": 1000,
                    "badges": {
                        "is_water": false,
                        "requires_age_check": false
                    },
                    "packaging": "Ampolla",
                    "thumbnail": "https://prod-mercadona.imgix.net/20190521/00/43800/vlc1/43800_00_02.jpg?fit=crop&h=206&w=206",
                    "display_name": "Aiguarràs símil Bosque Verde",
                    "bunch_selector": false,
                    "price_instructions": {
                        "iva": 21,
                        "is_new": false,
                        "is_pack": false,
                        "pack_size": null,
                        "unit_name": null,
                        "unit_size": 0.5,
                        "bulk_price": "3.20",
                        "unit_price": "1.60",
                        "approx_size": false,
                        "size_format": "l",
                        "total_units": null,
                        "unit_selector": true,
                        "bunch_selector": false,
                        "drained_weight": null,
                        "price_decreased": false,
                        "reference_price": "3.20",
                        "min_bunch_amount": 1.0,
                        "reference_format": "L",
                        "increment_bunch_amount": 1.0
                    }
                },
                {
                    "id": "43802",
                    "limit": 1000,
                    "badges": {
                        "is_water": false,
                        "requires_age_check": false
                    },
                    "packaging": "Ampolla",
                    "thumbnail": "https://prod-mercadona.imgix.net/20190521/02/43802/vlc1/43802_00_02.jpg?fit=crop&h=206&w=206",
                    "display_name": "Amoníac amb detergent Bosque Verde",
                    "bunch_selector": false,
                    "price_instructions": {
                        "iva": 21,
                        "is_new": false,
                        "is_pack": false,
                        "pack_size": null,
                        "unit_name": null,
                        "unit_size": 1.5,
                        "bulk_price": "0.57",
                        "unit_price": "0.85",
                        "approx_size": false,
                        "size_format": "l",
                        "total_units": null,
                        "unit_selector": true,
                        "bunch_selector": false,
                        "drained_weight": null,
                        "price_decreased": false,
                        "reference_price": "0.57",
                        "min_bunch_amount": 1.0,
                        "reference_format": "L",
                        "increment_bunch_amount": 1.0
                    }
                },
                {
                    "id": "43810",
                    "limit": 1000,
                    "badges": {
                        "is_water": false,
                        "requires_age_check": false
                    },
                    "packaging": "Ampolla",
                    "thumbnail": "https://prod-mercadona.imgix.net/20190521/10/43810/vlc1/43810_00_02.jpg?fit=crop&h=206&w=206",
                    "display_name": "Salfumant Bosque Verde",
                    "bunch_selector": false,
                    "price_instructions": {
                        "iva": 21,
                        "is_new": false,
                        "is_pack": false,
                        "pack_size": null,
                        "unit_name": null,
                        "unit_size": 1.0,
                        "bulk_price": "0.75",
                        "unit_price": "0.75",
                        "approx_size": false,
                        "size_format": "l",
                        "total_units": null,
                        "unit_selector": true,
                        "bunch_selector": false,
                        "drained_weight": null,
                        "price_decreased": false,
                        "reference_price": "0.75",
                        "min_bunch_amount": 1.0,
                        "reference_format": "L",
                        "increment_bunch_amount": 1.0
                    }
                },
                {
                    "id": "43813",
                    "limit": 1000,
                    "badges": {
                        "is_water": false,
                        "requires_age_check": false
                    },
                    "packaging": "Ampolla",
                    "thumbnail": "https://prod-mercadona.imgix.net/20190521/13/43813/vlc1/43813_00_02.jpg?fit=crop&h=206&w=206",
                    "display_name": "Amoníac molt fort Bosque Verde amb detergent",
                    "bunch_selector": false,
                    "price_instructions": {
                        "iva": 21,
                        "is_new": false,
                        "is_pack": false,
                        "pack_size": null,
                        "unit_name": null,
                        "unit_size": 0.75,
                        "bulk_price": "1.60",
                        "unit_price": "1.20",
                        "approx_size": false,
                        "size_format": "l",
                        "total_units": null,
                        "unit_selector": true,
                        "bunch_selector": false,
                        "drained_weight": null,
                        "price_decreased": false,
                        "reference_price": "1.60",
                        "min_bunch_amount": 1.0,
                        "reference_format": "L",
                        "increment_bunch_amount": 1.0
                    }
                },
                {
                    "id": "43818",
                    "limit": 1000,
                    "badges": {
                        "is_water": false,
                        "requires_age_check": false
                    },
                    "packaging": "Ampolla",
                    "thumbnail": "https://prod-mercadona.imgix.net/20190521/18/43818/vlc1/43818_00_02.jpg?fit=crop&h=206&w=206",
                    "display_name": "Amoníac perfumat Bosque Verde",
                    "bunch_selector": false,
                    "price_instructions": {
                        "iva": 21,
                        "is_new": false,
                        "is_pack": false,
                        "pack_size": null,
                        "unit_name": null,
                        "unit_size": 1.5,
                        "bulk_price": "0.39",
                        "unit_price": "0.59",
                        "approx_size": false,
                        "size_format": "l",
                        "total_units": null,
                        "unit_selector": true,
                        "bunch_selector": false,
                        "drained_weight": null,
                        "price_decreased": false,
                        "reference_price": "0.39",
                        "min_bunch_amount": 1.0,
                        "reference_format": "L",
                        "increment_bunch_amount": 1.0
                    }
                },
                {
                    "id": "80302",
                    "limit": 1000,
                    "badges": {
                        "is_water": false,
                        "requires_age_check": false
                    },
                    "packaging": "Capsa",
                    "thumbnail": "https://prod-mercadona.imgix.net/20190521/02/80302/vlc1/80302_00_02.jpg?fit=crop&h=206&w=206",
                    "display_name": "Eliminador de terbolesa en saquets per a piscina",
                    "bunch_selector": false,
                    "price_instructions": {
                        "iva": 21,
                        "is_new": false,
                        "is_pack": false,
                        "pack_size": null,
                        "unit_name": null,
                        "unit_size": 0.12,
                        "bulk_price": "15.83",
                        "unit_price": "1.90",
                        "approx_size": false,
                        "size_format": "kg",
                        "total_units": null,
                        "unit_selector": true,
                        "bunch_selector": false,
                        "drained_weight": null,
                        "price_decreased": false,
                        "reference_price": "15.83",
                        "min_bunch_amount": 1.0,
                        "reference_format": "kg",
                        "increment_bunch_amount": 1.0
                    }
                },
                {
                    "id": "80303",
                    "limit": 1000,
                    "badges": {
                        "is_water": false,
                        "requires_age_check": false
                    },
                    "packaging": null,
                    "thumbnail": "https://prod-mercadona.imgix.net/20190521/03/80303/vlc1/80303_00_02.jpg?fit=crop&h=206&w=206",
                    "display_name": "Clor pastilles Productos QQ dissolució lenta per a piscina",
                    "bunch_selector": false,
                    "price_instructions": {
                        "iva": 21,
                        "is_new": false,
                        "is_pack": false,
                        "pack_size": null,
                        "unit_name": null,
                        "unit_size": 5.0,
                        "bulk_price": "4.48",
                        "unit_price": "22.40",
                        "approx_size": false,
                        "size_format": "kg",
                        "total_units": null,
                        "unit_selector": true,
                        "bunch_selector": false,
                        "drained_weight": null,
                        "price_decreased": false,
                        "reference_price": "4.48",
                        "min_bunch_amount": 1.0,
                        "reference_format": "kg",
                        "increment_bunch_amount": 1.0
                    }
                },
                {
                    "id": "80306",
                    "limit": 1000,
                    "badges": {
                        "is_water": false,
                        "requires_age_check": false
                    },
                    "packaging": null,
                    "thumbnail": "https://prod-mercadona.imgix.net/20190521/06/80306/vlc1/80306_00_02.jpg?fit=crop&h=206&w=206",
                    "display_name": "Clor 5 accions pastilles dissolució lenta per a piscina",
                    "bunch_selector": false,
                    "price_instructions": {
                        "iva": 21,
                        "is_new": false,
                        "is_pack": false,
                        "pack_size": null,
                        "unit_name": null,
                        "unit_size": 5.0,
                        "bulk_price": "4.48",
                        "unit_price": "22.40",
                        "approx_size": false,
                        "size_format": "kg",
                        "total_units": null,
                        "unit_selector": true,
                        "bunch_selector": false,
                        "drained_weight": null,
                        "price_decreased": false,
                        "reference_price": "4.48",
                        "min_bunch_amount": 1.0,
                        "reference_format": "kg",
                        "increment_bunch_amount": 1.0
                    }
                },
                {
                    "id": "80308",
                    "limit": 1000,
                    "badges": {
                        "is_water": false,
                        "requires_age_check": false
                    },
                    "packaging": "Pot",
                    "thumbnail": "https://prod-mercadona.imgix.net/20190521/08/80308/vlc1/80308_00_02.jpg?fit=crop&h=206&w=206",
                    "display_name": "Clor ràpid granulat per a piscina",
                    "bunch_selector": false,
                    "price_instructions": {
                        "iva": 21,
                        "is_new": false,
                        "is_pack": false,
                        "pack_size": null,
                        "unit_name": null,
                        "unit_size": 0.5,
                        "bulk_price": "8.20",
                        "unit_price": "4.10",
                        "approx_size": false,
                        "size_format": "kg",
                        "total_units": null,
                        "unit_selector": true,
                        "bunch_selector": false,
                        "drained_weight": null,
                        "price_decreased": false,
                        "reference_price": "8.20",
                        "min_bunch_amount": 1.0,
                        "reference_format": "kg",
                        "increment_bunch_amount": 1.0
                    }
                },
                {
                    "id": "80313",
                    "limit": 1000,
                    "badges": {
                        "is_water": false,
                        "requires_age_check": false
                    },
                    "packaging": "Pot",
                    "thumbnail": "https://prod-mercadona.imgix.net/20190521/13/80313/vlc1/80313_00_02.jpg?fit=crop&h=206&w=206",
                    "display_name": "Incrementador de pH per a piscina",
                    "bunch_selector": false,
                    "price_instructions": {
                        "iva": 21,
                        "is_new": false,
                        "is_pack": false,
                        "pack_size": null,
                        "unit_name": null,
                        "unit_size": 1.5,
                        "bulk_price": "2.73",
                        "unit_price": "4.10",
                        "approx_size": false,
                        "size_format": "kg",
                        "total_units": null,
                        "unit_selector": true,
                        "bunch_selector": false,
                        "drained_weight": null,
                        "price_decreased": false,
                        "reference_price": "2.73",
                        "min_bunch_amount": 1.0,
                        "reference_format": "kg",
                        "increment_bunch_amount": 1.0
                    }
                },
                {
                    "id": "80316",
                    "limit": 1000,
                    "badges": {
                        "is_water": false,
                        "requires_age_check": false
                    },
                    "packaging": "Paquet",
                    "thumbnail": "https://prod-mercadona.imgix.net/20190521/16/80316/vlc1/80316_00_02.jpg?fit=crop&h=206&w=206",
                    "display_name": "Dosificador flotant per a piscina",
                    "bunch_selector": false,
                    "price_instructions": {
                        "iva": 21,
                        "is_new": false,
                        "is_pack": false,
                        "pack_size": null,
                        "unit_name": null,
                        "unit_size": 1.0,
                        "bulk_price": "4.35",
                        "unit_price": "4.35",
                        "approx_size": false,
                        "size_format": "ud",
                        "total_units": null,
                        "unit_selector": true,
                        "bunch_selector": false,
                        "drained_weight": null,
                        "price_decreased": false,
                        "reference_price": "4.35",
                        "min_bunch_amount": 1.0,
                        "reference_format": "ud",
                        "increment_bunch_amount": 1.0
                    }
                },
                {
                    "id": "80317",
                    "limit": 1000,
                    "badges": {
                        "is_water": false,
                        "requires_age_check": false
                    },
                    "packaging": "Capsa",
                    "thumbnail": "https://prod-mercadona.imgix.net/20190521/17/80317/vlc1/80317_00_02.jpg?fit=crop&h=206&w=206",
                    "display_name": "Lot minipiscines",
                    "bunch_selector": false,
                    "price_instructions": {
                        "iva": 21,
                        "is_new": false,
                        "is_pack": false,
                        "pack_size": null,
                        "unit_name": null,
                        "unit_size": 1.0,
                        "bulk_price": "8.70",
                        "unit_price": "8.70",
                        "approx_size": false,
                        "size_format": "ud",
                        "total_units": null,
                        "unit_selector": true,
                        "bunch_selector": false,
                        "drained_weight": null,
                        "price_decreased": false,
                        "reference_price": "8.70",
                        "min_bunch_amount": 1.0,
                        "reference_format": "ud",
                        "increment_bunch_amount": 1.0
                    }
                },
                {
                    "id": "80320",
                    "limit": 1000,
                    "badges": {
                        "is_water": false,
                        "requires_age_check": false
                    },
                    "packaging": "Pot",
                    "thumbnail": "https://prod-mercadona.imgix.net/20190521/20/80320/vlc1/80320_00_02.jpg?fit=crop&h=206&w=206",
                    "display_name": "Clor ràpid granulat Productos QQ per a piscina",
                    "bunch_selector": false,
                    "price_instructions": {
                        "iva": 21,
                        "is_new": false,
                        "is_pack": false,
                        "pack_size": null,
                        "unit_name": null,
                        "unit_size": 5.0,
                        "bulk_price": "4.86",
                        "unit_price": "24.30",
                        "approx_size": false,
                        "size_format": "kg",
                        "total_units": null,
                        "unit_selector": true,
                        "bunch_selector": false,
                        "drained_weight": null,
                        "price_decreased": false,
                        "reference_price": "4.86",
                        "min_bunch_amount": 1.0,
                        "reference_format": "kg",
                        "increment_bunch_amount": 1.0
                    }
                },
                {
                    "id": "80340",
                    "limit": 1000,
                    "badges": {
                        "is_water": false,
                        "requires_age_check": false
                    },
                    "packaging": "Capsa",
                    "thumbnail": "https://prod-mercadona.imgix.net/20190521/40/80340/vlc1/80340_00_02.jpg?fit=crop&h=206&w=206",
                    "display_name": "Dispositiu analitzador de pH i clor per a piscina",
                    "bunch_selector": false,
                    "price_instructions": {
                        "iva": 21,
                        "is_new": false,
                        "is_pack": false,
                        "pack_size": null,
                        "unit_name": null,
                        "unit_size": 1.0,
                        "bulk_price": "9.10",
                        "unit_price": "9.10",
                        "approx_size": false,
                        "size_format": "ud",
                        "total_units": null,
                        "unit_selector": true,
                        "bunch_selector": false,
                        "drained_weight": null,
                        "price_decreased": false,
                        "reference_price": "9.10",
                        "min_bunch_amount": 1.0,
                        "reference_format": "ud",
                        "increment_bunch_amount": 1.0
                    }
                },
                {
                    "id": "90333",
                    "limit": 1000,
                    "badges": {
                        "is_water": false,
                        "requires_age_check": false
                    },
                    "packaging": "Garrafa",
                    "thumbnail": "https://prod-mercadona.imgix.net/20190521/33/90333/vlc1/90333_00_02.jpg?fit=crop&h=206&w=206",
                    "display_name": "Salfumant Bosque Verde",
                    "bunch_selector": false,
                    "price_instructions": {
                        "iva": 21,
                        "is_new": false,
                        "is_pack": false,
                        "pack_size": null,
                        "unit_name": null,
                        "unit_size": 5.0,
                        "bulk_price": "0.50",
                        "unit_price": "2.50",
                        "approx_size": false,
                        "size_format": "l",
                        "total_units": null,
                        "unit_selector": true,
                        "bunch_selector": false,
                        "drained_weight": null,
                        "price_decreased": false,
                        "reference_price": "0.50",
                        "min_bunch_amount": 1.0,
                        "reference_format": "L",
                        "increment_bunch_amount": 1.0
                    }
                },
                {
                    "id": "90303",
                    "limit": 1000,
                    "badges": {
                        "is_water": false,
                        "requires_age_check": false
                    },
                    "packaging": "Garrafa",
                    "thumbnail": "https://prod-mercadona.imgix.net/20190521/03/90303/vlc1/90303_00_02.jpg?fit=crop&h=206&w=206",
                    "display_name": "Eliminador de terbolesa líquid Bosque Verde per a piscina",
                    "bunch_selector": false,
                    "price_instructions": {
                        "iva": 21,
                        "is_new": false,
                        "is_pack": false,
                        "pack_size": null,
                        "unit_name": null,
                        "unit_size": 5.0,
                        "bulk_price": "1.43",
                        "unit_price": "7.15",
                        "approx_size": false,
                        "size_format": "l",
                        "total_units": null,
                        "unit_selector": true,
                        "bunch_selector": false,
                        "drained_weight": null,
                        "price_decreased": false,
                        "reference_price": "1.43",
                        "min_bunch_amount": 1.0,
                        "reference_format": "L",
                        "increment_bunch_amount": 1.0
                    }
                },
                {
                    "id": "90309",
                    "limit": 1000,
                    "badges": {
                        "is_water": false,
                        "requires_age_check": false
                    },
                    "packaging": "Garrafa",
                    "thumbnail": "https://prod-mercadona.imgix.net/20190521/09/90309/vlc1/90309_00_02.jpg?fit=crop&h=206&w=206",
                    "display_name": "Antialgues líquid Bosque Verde per a piscina",
                    "bunch_selector": false,
                    "price_instructions": {
                        "iva": 21,
                        "is_new": false,
                        "is_pack": false,
                        "pack_size": null,
                        "unit_name": null,
                        "unit_size": 5.0,
                        "bulk_price": "1.09",
                        "unit_price": "5.45",
                        "approx_size": false,
                        "size_format": "l",
                        "total_units": null,
                        "unit_selector": true,
                        "bunch_selector": false,
                        "drained_weight": null,
                        "price_decreased": false,
                        "reference_price": "1.09",
                        "min_bunch_amount": 1.0,
                        "reference_format": "L",
                        "increment_bunch_amount": 1.0
                    }
                },
                {
                    "id": "90319",
                    "limit": 1000,
                    "badges": {
                        "is_water": false,
                        "requires_age_check": false
                    },
                    "packaging": "Garrafa",
                    "thumbnail": "https://prod-mercadona.imgix.net/20190521/19/90319/vlc1/90319_00_02.jpg?fit=crop&h=206&w=206",
                    "display_name": "Manteniment d'hivern Bosque Verde per a piscina",
                    "bunch_selector": false,
                    "price_instructions": {
                        "iva": 21,
                        "is_new": false,
                        "is_pack": false,
                        "pack_size": null,
                        "unit_name": null,
                        "unit_size": 5.0,
                        "bulk_price": "1.99",
                        "unit_price": "9.95",
                        "approx_size": false,
                        "size_format": "l",
                        "total_units": null,
                        "unit_selector": true,
                        "bunch_selector": false,
                        "drained_weight": null,
                        "price_decreased": false,
                        "reference_price": "1.99",
                        "min_bunch_amount": 1.0,
                        "reference_format": "L",
                        "increment_bunch_amount": 1.0
                    }
                },
                {
                    "id": "90326",
                    "limit": 1000,
                    "badges": {
                        "is_water": false,
                        "requires_age_check": false
                    },
                    "packaging": "Garrafa",
                    "thumbnail": "https://prod-mercadona.imgix.net/20190521/26/90326/vlc1/90326_00_02.jpg?fit=crop&h=206&w=206",
                    "display_name": "Reductor de pH Bosque Verde per a piscina",
                    "bunch_selector": false,
                    "price_instructions": {
                        "iva": 21,
                        "is_new": false,
                        "is_pack": false,
                        "pack_size": null,
                        "unit_name": null,
                        "unit_size": 5.0,
                        "bulk_price": "0.78",
                        "unit_price": "3.90",
                        "approx_size": false,
                        "size_format": "l",
                        "total_units": null,
                        "unit_selector": true,
                        "bunch_selector": false,
                        "drained_weight": null,
                        "price_decreased": false,
                        "reference_price": "0.78",
                        "min_bunch_amount": 1.0,
                        "reference_format": "L",
                        "increment_bunch_amount": 1.0
                    }
                },
                {
                    "id": "43853",
                    "limit": 1000,
                    "badges": {
                        "is_water": false,
                        "requires_age_check": false
                    },
                    "packaging": "Ampolla",
                    "thumbnail": "https://prod-mercadona.imgix.net/20190521/53/43853/vlc1/43853_00_02.jpg?fit=crop&h=206&w=206",
                    "display_name": "Desembussador de canonades Bosque Verde en gel",
                    "bunch_selector": false,
                    "price_instructions": {
                        "iva": 21,
                        "is_new": false,
                        "is_pack": false,
                        "pack_size": null,
                        "unit_name": null,
                        "unit_size": 1.0,
                        "bulk_price": "1.75",
                        "unit_price": "1.75",
                        "approx_size": false,
                        "size_format": "l",
                        "total_units": null,
                        "unit_selector": true,
                        "bunch_selector": false,
                        "drained_weight": null,
                        "price_decreased": false,
                        "reference_price": "1.75",
                        "min_bunch_amount": 1.0,
                        "reference_format": "L",
                        "increment_bunch_amount": 1.0
                    }
                },
                {
                    "id": "43042",
                    "limit": 1000,
                    "badges": {
                        "is_water": false,
                        "requires_age_check": false
                    },
                    "packaging": "Ampolla",
                    "thumbnail": "https://prod-mercadona.imgix.net/20190521/42/43042/vlc1/43042_00_02.jpg?fit=crop&h=206&w=206",
                    "display_name": "Desembussador turbo Bosque Verde en gel",
                    "bunch_selector": false,
                    "price_instructions": {
                        "iva": 21,
                        "is_new": false,
                        "is_pack": false,
                        "pack_size": null,
                        "unit_name": null,
                        "unit_size": 0.5,
                        "bulk_price": "3.20",
                        "unit_price": "1.60",
                        "approx_size": false,
                        "size_format": "l",
                        "total_units": null,
                        "unit_selector": true,
                        "bunch_selector": false,
                        "drained_weight": null,
                        "price_decreased": false,
                        "reference_price": "3.20",
                        "min_bunch_amount": 1.0,
                        "reference_format": "L",
                        "increment_bunch_amount": 1.0
                    }
                },
                {
                    "id": "43806",
                    "limit": 1000,
                    "badges": {
                        "is_water": false,
                        "requires_age_check": false
                    },
                    "packaging": "Ampolla",
                    "thumbnail": "https://prod-mercadona.imgix.net/20190521/06/43806/vlc1/43806_00_02.jpg?fit=crop&h=206&w=206",
                    "display_name": "Netejador de canonades Bosque Verde",
                    "bunch_selector": false,
                    "price_instructions": {
                        "iva": 21,
                        "is_new": false,
                        "is_pack": false,
                        "pack_size": null,
                        "unit_name": null,
                        "unit_size": 1.0,
                        "bulk_price": "3.75",
                        "unit_price": "3.75",
                        "approx_size": false,
                        "size_format": "l",
                        "total_units": null,
                        "unit_selector": true,
                        "bunch_selector": false,
                        "drained_weight": null,
                        "price_decreased": false,
                        "reference_price": "3.75",
                        "min_bunch_amount": 1.0,
                        "reference_format": "L",
                        "increment_bunch_amount": 1.0
                    }
                },
                {
                    "id": "43817",
                    "limit": 1000,
                    "badges": {
                        "is_water": false,
                        "requires_age_check": false
                    },
                    "packaging": "Capsa",
                    "thumbnail": "https://prod-mercadona.imgix.net/20190521/17/43817/vlc1/43817_00_02.jpg?fit=crop&h=206&w=206",
                    "display_name": "Netejador fosses sèptiques Bosque Verde bossetes solubles",
                    "bunch_selector": false,
                    "price_instructions": {
                        "iva": 21,
                        "is_new": false,
                        "is_pack": false,
                        "pack_size": null,
                        "unit_name": "bossetes",
                        "unit_size": 0.3,
                        "bulk_price": "20.83",
                        "unit_price": "6.25",
                        "approx_size": false,
                        "size_format": "kg",
                        "total_units": 12,
                        "unit_selector": true,
                        "bunch_selector": false,
                        "drained_weight": null,
                        "price_decreased": false,
                        "reference_price": "20.83",
                        "min_bunch_amount": 1.0,
                        "reference_format": "kg",
                        "increment_bunch_amount": 1.0
                    }
                },
                {
                    "id": "43868",
                    "limit": 1000,
                    "badges": {
                        "is_water": false,
                        "requires_age_check": false
                    },
                    "packaging": "Ampolla",
                    "thumbnail": "https://prod-mercadona.imgix.net/20190521/68/43868/vlc1/43868_00_02.jpg?fit=crop&h=206&w=206",
                    "display_name": "Sosa càustica Bosque Verde",
                    "bunch_selector": false,
                    "price_instructions": {
                        "iva": 21,
                        "is_new": false,
                        "is_pack": false,
                        "pack_size": null,
                        "unit_name": null,
                        "unit_size": 1.0,
                        "bulk_price": "2.95",
                        "unit_price": "2.95",
                        "approx_size": false,
                        "size_format": "kg",
                        "total_units": null,
                        "unit_selector": true,
                        "bunch_selector": false,
                        "drained_weight": null,
                        "price_decreased": false,
                        "reference_price": "2.95",
                        "min_bunch_amount": 1.0,
                        "reference_format": "kg",
                        "increment_bunch_amount": 1.0
                    }
                },
                {
                    "id": "43031",
                    "limit": 1000,
                    "badges": {
                        "is_water": false,
                        "requires_age_check": false
                    },
                    "packaging": "Ampolla",
                    "thumbnail": "https://prod-mercadona.imgix.net/20190521/31/43031/vlc1/43031_00_02.jpg?fit=crop&h=206&w=206",
                    "display_name": "Lleixiu amb detergent Estrella",
                    "bunch_selector": false,
                    "price_instructions": {
                        "iva": 21,
                        "is_new": false,
                        "is_pack": false,
                        "pack_size": null,
                        "unit_name": null,
                        "unit_size": 1.5,
                        "bulk_price": "1.09",
                        "unit_price": "1.64",
                        "approx_size": false,
                        "size_format": "l",
                        "total_units": null,
                        "unit_selector": true,
                        "bunch_selector": false,
                        "drained_weight": null,
                        "price_decreased": false,
                        "reference_price": "1.09",
                        "min_bunch_amount": 1.0,
                        "reference_format": "L",
                        "increment_bunch_amount": 1.0
                    }
                }
            ],
            "is_extended": false
        },
        {
            "id": 235,
            "name": "Netejavidres",
            "layout": 1,
            "products": [
                {
                    "id": "43000",
                    "limit": 1000,
                    "badges": {
                        "is_water": false,
                        "requires_age_check": false
                    },
                    "packaging": "Esprai",
                    "thumbnail": "https://prod-mercadona.imgix.net/20190521/00/43000/vlc1/43000_00_02.jpg?fit=crop&h=206&w=206",
                    "display_name": "Netejaulleres amb camussa Disop",
                    "bunch_selector": false,
                    "price_instructions": {
                        "iva": 21,
                        "is_new": false,
                        "is_pack": false,
                        "pack_size": null,
                        "unit_name": null,
                        "unit_size": 0.015,
                        "bulk_price": "2.25",
                        "unit_price": "2.25",
                        "approx_size": false,
                        "size_format": "l",
                        "total_units": null,
                        "unit_selector": true,
                        "bunch_selector": false,
                        "drained_weight": null,
                        "price_decreased": false,
                        "reference_price": "2.25",
                        "min_bunch_amount": 1.0,
                        "reference_format": "ud",
                        "increment_bunch_amount": 1.0
                    }
                },
                {
                    "id": "43204",
                    "limit": 1000,
                    "badges": {
                        "is_water": false,
                        "requires_age_check": false
                    },
                    "packaging": "Ampolla",
                    "thumbnail": "https://prod-mercadona.imgix.net/20190521/04/43204/vlc1/43204_00_02.jpg?fit=crop&h=206&w=206",
                    "display_name": "Rentaparabrises Bosque Verde",
                    "bunch_selector": false,
                    "price_instructions": {
                        "iva": 21,
                        "is_new": false,
                        "is_pack": false,
                        "pack_size": null,
                        "unit_name": null,
                        "unit_size": 2.0,
                        "bulk_price": "0.98",
                        "unit_price": "1.95",
                        "approx_size": false,
                        "size_format": "l",
                        "total_units": null,
                        "unit_selector": true,
                        "bunch_selector": false,
                        "drained_weight": null,
                        "price_decreased": false,
                        "reference_price": "0.98",
                        "min_bunch_amount": 0.0,
                        "reference_format": "L",
                        "increment_bunch_amount": 0.0
                    }
                },
                {
                    "id": "43218",
                    "limit": 1000,
                    "badges": {
                        "is_water": false,
                        "requires_age_check": false
                    },
                    "packaging": "Ampolla",
                    "thumbnail": "https://prod-mercadona.imgix.net/20190521/18/43218/vlc1/43218_00_02.jpg?fit=crop&h=206&w=206",
                    "display_name": "Netejavidres i multiusos Bosque Verde",
                    "bunch_selector": false,
                    "price_instructions": {
                        "iva": 21,
                        "is_new": false,
                        "is_pack": false,
                        "pack_size": null,
                        "unit_name": null,
                        "unit_size": 1.0,
                        "bulk_price": "1.15",
                        "unit_price": "1.15",
                        "approx_size": false,
                        "size_format": "l",
                        "total_units": null,
                        "unit_selector": true,
                        "bunch_selector": false,
                        "drained_weight": null,
                        "price_decreased": false,
                        "reference_price": "1.15",
                        "min_bunch_amount": 0.0,
                        "reference_format": "L",
                        "increment_bunch_amount": 0.0
                    }
                },
                {
                    "id": "43222",
                    "limit": 1000,
                    "badges": {
                        "is_water": false,
                        "requires_age_check": false
                    },
                    "packaging": "Ampolla",
                    "thumbnail": "https://prod-mercadona.imgix.net/20190521/22/43222/vlc1/43222_00_02.jpg?fit=crop&h=206&w=206",
                    "display_name": "Netejavidres perfumat Bosque Verde",
                    "bunch_selector": false,
                    "price_instructions": {
                        "iva": 21,
                        "is_new": false,
                        "is_pack": false,
                        "pack_size": null,
                        "unit_name": null,
                        "unit_size": 1.0,
                        "bulk_price": "1.07",
                        "unit_price": "1.07",
                        "approx_size": false,
                        "size_format": "l",
                        "total_units": null,
                        "unit_selector": true,
                        "bunch_selector": false,
                        "drained_weight": null,
                        "price_decreased": false,
                        "reference_price": "1.07",
                        "min_bunch_amount": 0.0,
                        "reference_format": "L",
                        "increment_bunch_amount": 0.0
                    }
                },
                {
                    "id": "43223",
                    "limit": 1000,
                    "badges": {
                        "is_water": false,
                        "requires_age_check": false
                    },
                    "packaging": "Paquet",
                    "thumbnail": "https://prod-mercadona.imgix.net/20190521/23/43223/vlc1/43223_00_02.jpg?fit=crop&h=206&w=206",
                    "display_name": "Tovalloletes netejadores de vidres i miralls Bosque Verde",
                    "bunch_selector": false,
                    "price_instructions": {
                        "iva": 21,
                        "is_new": false,
                        "is_pack": false,
                        "pack_size": null,
                        "unit_name": null,
                        "unit_size": 30.0,
                        "bulk_price": "0.04",
                        "unit_price": "1.25",
                        "approx_size": false,
                        "size_format": "ud",
                        "total_units": null,
                        "unit_selector": true,
                        "bunch_selector": false,
                        "drained_weight": null,
                        "price_decreased": false,
                        "reference_price": "0.042",
                        "min_bunch_amount": 1.0,
                        "reference_format": "ud",
                        "increment_bunch_amount": 1.0
                    }
                },
                {
                    "id": "44232",
                    "limit": 1000,
                    "badges": {
                        "is_water": false,
                        "requires_age_check": false
                    },
                    "packaging": "Ampolla",
                    "thumbnail": "https://prod-mercadona.imgix.net/20190521/32/44232/vlc1/44232_00_02.jpg?fit=crop&h=206&w=206",
                    "display_name": "Netejavidres de xemeneia Bosque Verde",
                    "bunch_selector": false,
                    "price_instructions": {
                        "iva": 21,
                        "is_new": false,
                        "is_pack": false,
                        "pack_size": null,
                        "unit_name": null,
                        "unit_size": 0.75,
                        "bulk_price": "4.27",
                        "unit_price": "3.20",
                        "approx_size": false,
                        "size_format": "l",
                        "total_units": null,
                        "unit_selector": true,
                        "bunch_selector": false,
                        "drained_weight": null,
                        "price_decreased": false,
                        "reference_price": "4.27",
                        "min_bunch_amount": 0.0,
                        "reference_format": "L",
                        "increment_bunch_amount": 0.0
                    }
                },
                {
                    "id": "43062",
                    "limit": 1000,
                    "badges": {
                        "is_water": false,
                        "requires_age_check": false
                    },
                    "packaging": "Capsa",
                    "thumbnail": "https://prod-mercadona.imgix.net/20190521/62/43062/vlc1/43062_00_02.jpg?fit=crop&h=206&w=206",
                    "display_name": "Tovalloletes netejaulleres Bosque Verde monodosi",
                    "bunch_selector": false,
                    "price_instructions": {
                        "iva": 21,
                        "is_new": false,
                        "is_pack": false,
                        "pack_size": null,
                        "unit_name": null,
                        "unit_size": 32.0,
                        "bulk_price": "0.05",
                        "unit_price": "1.60",
                        "approx_size": false,
                        "size_format": "ud",
                        "total_units": null,
                        "unit_selector": true,
                        "bunch_selector": false,
                        "drained_weight": null,
                        "price_decreased": false,
                        "reference_price": "0.050",
                        "min_bunch_amount": 1.0,
                        "reference_format": "ud",
                        "increment_bunch_amount": 1.0
                    }
                },
                {
                    "id": "73207",
                    "limit": 1000,
                    "badges": {
                        "is_water": false,
                        "requires_age_check": false
                    },
                    "packaging": "Esprai",
                    "thumbnail": "https://prod-mercadona.imgix.net/20190521/07/73207/vlc1/73207_00_02.jpg?fit=crop&h=206&w=206",
                    "display_name": "Netejavidres Bosque Verde",
                    "bunch_selector": false,
                    "price_instructions": {
                        "iva": 21,
                        "is_new": false,
                        "is_pack": false,
                        "pack_size": null,
                        "unit_name": null,
                        "unit_size": 0.4,
                        "bulk_price": "3.00",
                        "unit_price": "1.20",
                        "approx_size": false,
                        "size_format": "l",
                        "total_units": null,
                        "unit_selector": true,
                        "bunch_selector": false,
                        "drained_weight": null,
                        "price_decreased": false,
                        "reference_price": "3.00",
                        "min_bunch_amount": 1.0,
                        "reference_format": "L",
                        "increment_bunch_amount": 1.0
                    }
                }
            ],
            "is_extended": false
        },
        {
            "id": 233,
            "name": "Netejador domèstic i líquid de fregar",
            "layout": 1,
            "products": [
                {
                    "id": "42204",
                    "limit": 1000,
                    "badges": {
                        "is_water": false,
                        "requires_age_check": false
                    },
                    "packaging": "Ampolla",
                    "thumbnail": "https://prod-mercadona.imgix.net/20190521/04/42204/vlc1/42204_00_02.jpg?fit=crop&h=206&w=206",
                    "display_name": "Netejador domèstic multiusos pi Bosque Verde líquid",
                    "bunch_selector": false,
                    "price_instructions": {
                        "iva": 21,
                        "is_new": false,
                        "is_pack": false,
                        "pack_size": null,
                        "unit_name": null,
                        "unit_size": 1.5,
                        "bulk_price": "0.89",
                        "unit_price": "1.33",
                        "approx_size": false,
                        "size_format": "l",
                        "total_units": null,
                        "unit_selector": true,
                        "bunch_selector": false,
                        "drained_weight": null,
                        "price_decreased": false,
                        "reference_price": "0.89",
                        "min_bunch_amount": 1.0,
                        "reference_format": "L",
                        "increment_bunch_amount": 1.0
                    }
                },
                {
                    "id": "43614",
                    "limit": 1000,
                    "badges": {
                        "is_water": false,
                        "requires_age_check": false
                    },
                    "packaging": "Ampolla",
                    "thumbnail": "https://prod-mercadona.imgix.net/20190521/14/43614/vlc1/43614_00_02.jpg?fit=crop&h=206&w=206",
                    "display_name": "Cera terres Bosque Verde",
                    "bunch_selector": false,
                    "price_instructions": {
                        "iva": 21,
                        "is_new": false,
                        "is_pack": false,
                        "pack_size": null,
                        "unit_name": null,
                        "unit_size": 1.0,
                        "bulk_price": "2.05",
                        "unit_price": "2.05",
                        "approx_size": false,
                        "size_format": "l",
                        "total_units": null,
                        "unit_selector": true,
                        "bunch_selector": false,
                        "drained_weight": null,
                        "price_decreased": false,
                        "reference_price": "2.05",
                        "min_bunch_amount": 0.0,
                        "reference_format": "L",
                        "increment_bunch_amount": 0.0
                    }
                },
                {
                    "id": "43621",
                    "limit": 1000,
                    "badges": {
                        "is_water": false,
                        "requires_age_check": false
                    },
                    "packaging": "Ampolla",
                    "thumbnail": "https://prod-mercadona.imgix.net/20190521/21/43621/vlc1/43621_00_02.jpg?fit=crop&h=206&w=206",
                    "display_name": "Cera terres Bosque Verde parquet i laminats",
                    "bunch_selector": false,
                    "price_instructions": {
                        "iva": 21,
                        "is_new": false,
                        "is_pack": false,
                        "pack_size": null,
                        "unit_name": null,
                        "unit_size": 1.0,
                        "bulk_price": "2.99",
                        "unit_price": "2.99",
                        "approx_size": false,
                        "size_format": "l",
                        "total_units": null,
                        "unit_selector": true,
                        "bunch_selector": false,
                        "drained_weight": null,
                        "price_decreased": false,
                        "reference_price": "2.99",
                        "min_bunch_amount": 0.0,
                        "reference_format": "L",
                        "increment_bunch_amount": 0.0
                    }
                },
                {
                    "id": "43381",
                    "limit": 1000,
                    "badges": {
                        "is_water": false,
                        "requires_age_check": false
                    },
                    "packaging": "Paquet",
                    "thumbnail": "https://prod-mercadona.imgix.net/20190521/81/43381/vlc1/43381_00_02.jpg?fit=crop&h=206&w=206",
                    "display_name": "Líquid de fregar àloe Bosque Verde monodosi",
                    "bunch_selector": false,
                    "price_instructions": {
                        "iva": 21,
                        "is_new": false,
                        "is_pack": false,
                        "pack_size": null,
                        "unit_name": "u.",
                        "unit_size": 0.18,
                        "bulk_price": "12.50",
                        "unit_price": "2.25",
                        "approx_size": false,
                        "size_format": "l",
                        "total_units": 20,
                        "unit_selector": true,
                        "bunch_selector": false,
                        "drained_weight": null,
                        "price_decreased": false,
                        "reference_price": "12.50",
                        "min_bunch_amount": 1.0,
                        "reference_format": "L",
                        "increment_bunch_amount": 1.0
                    }
                },
                {
                    "id": "43044",
                    "limit": 1000,
                    "badges": {
                        "is_water": false,
                        "requires_age_check": false
                    },
                    "packaging": "Ampolla",
                    "thumbnail": "https://prod-mercadona.imgix.net/20190521/44/43044/vlc1/43044_00_02.jpg?fit=crop&h=206&w=206",
                    "display_name": "Netejador Las 3 Brujas concentrat",
                    "bunch_selector": false,
                    "price_instructions": {
                        "iva": 21,
                        "is_new": false,
                        "is_pack": false,
                        "pack_size": null,
                        "unit_name": null,
                        "unit_size": 1.175,
                        "bulk_price": "2.40",
                        "unit_price": "2.82",
                        "approx_size": false,
                        "size_format": "l",
                        "total_units": null,
                        "unit_selector": true,
                        "bunch_selector": false,
                        "drained_weight": null,
                        "price_decreased": false,
                        "reference_price": "2.40",
                        "min_bunch_amount": 1.0,
                        "reference_format": "L",
                        "increment_bunch_amount": 1.0
                    }
                },
                {
                    "id": "43301",
                    "limit": 1000,
                    "badges": {
                        "is_water": false,
                        "requires_age_check": false
                    },
                    "packaging": "Ampolla",
                    "thumbnail": "https://prod-mercadona.imgix.net/20190521/01/43301/vlc1/43301_00_02.jpg?fit=crop&h=206&w=206",
                    "display_name": "Netejador domèstic amb lleixiu Bosque Verde en gel",
                    "bunch_selector": false,
                    "price_instructions": {
                        "iva": 21,
                        "is_new": false,
                        "is_pack": false,
                        "pack_size": null,
                        "unit_name": null,
                        "unit_size": 1.5,
                        "bulk_price": "0.86",
                        "unit_price": "1.29",
                        "approx_size": false,
                        "size_format": "l",
                        "total_units": null,
                        "unit_selector": true,
                        "bunch_selector": false,
                        "drained_weight": null,
                        "price_decreased": false,
                        "reference_price": "0.86",
                        "min_bunch_amount": 1.0,
                        "reference_format": "L",
                        "increment_bunch_amount": 1.0
                    }
                },
                {
                    "id": "43315",
                    "limit": 1000,
                    "badges": {
                        "is_water": false,
                        "requires_age_check": false
                    },
                    "packaging": "Ampolla",
                    "thumbnail": "https://prod-mercadona.imgix.net/20190521/15/43315/vlc1/43315_00_02.jpg?fit=crop&h=206&w=206",
                    "display_name": "Netejador domèstic àloe Bosque Verde concentrat",
                    "bunch_selector": false,
                    "price_instructions": {
                        "iva": 21,
                        "is_new": false,
                        "is_pack": false,
                        "pack_size": null,
                        "unit_name": null,
                        "unit_size": 1.5,
                        "bulk_price": "1.32",
                        "unit_price": "1.98",
                        "approx_size": false,
                        "size_format": "l",
                        "total_units": null,
                        "unit_selector": true,
                        "bunch_selector": false,
                        "drained_weight": null,
                        "price_decreased": false,
                        "reference_price": "1.32",
                        "min_bunch_amount": 1.0,
                        "reference_format": "L",
                        "increment_bunch_amount": 1.0
                    }
                },
                {
                    "id": "43329",
                    "limit": 1000,
                    "badges": {
                        "is_water": false,
                        "requires_age_check": false
                    },
                    "packaging": "Ampolla",
                    "thumbnail": "https://prod-mercadona.imgix.net/20190521/29/43329/vlc1/43329_00_02.jpg?fit=crop&h=206&w=206",
                    "display_name": "Netejador domèstic ph neutre Bosque Verde delicat",
                    "bunch_selector": false,
                    "price_instructions": {
                        "iva": 21,
                        "is_new": false,
                        "is_pack": false,
                        "pack_size": null,
                        "unit_name": null,
                        "unit_size": 1.5,
                        "bulk_price": "0.86",
                        "unit_price": "1.29",
                        "approx_size": false,
                        "size_format": "l",
                        "total_units": null,
                        "unit_selector": true,
                        "bunch_selector": false,
                        "drained_weight": null,
                        "price_decreased": false,
                        "reference_price": "0.86",
                        "min_bunch_amount": 0.0,
                        "reference_format": "L",
                        "increment_bunch_amount": 0.0
                    }
                },
                {
                    "id": "43338",
                    "limit": 1000,
                    "badges": {
                        "is_water": false,
                        "requires_age_check": false
                    },
                    "packaging": "Ampolla",
                    "thumbnail": "https://prod-mercadona.imgix.net/20190521/38/43338/vlc1/43338_00_02.jpg?fit=crop&h=206&w=206",
                    "display_name": "Netejador domèstic oxigen actiu Bosque Verde sense lleixiu",
                    "bunch_selector": false,
                    "price_instructions": {
                        "iva": 21,
                        "is_new": false,
                        "is_pack": false,
                        "pack_size": null,
                        "unit_name": null,
                        "unit_size": 1.0,
                        "bulk_price": "1.42",
                        "unit_price": "1.42",
                        "approx_size": false,
                        "size_format": "l",
                        "total_units": null,
                        "unit_selector": true,
                        "bunch_selector": false,
                        "drained_weight": null,
                        "price_decreased": false,
                        "reference_price": "1.42",
                        "min_bunch_amount": 0.0,
                        "reference_format": "L",
                        "increment_bunch_amount": 0.0
                    }
                },
                {
                    "id": "43341",
                    "limit": 1000,
                    "badges": {
                        "is_water": false,
                        "requires_age_check": false
                    },
                    "packaging": "Ampolla",
                    "thumbnail": "https://prod-mercadona.imgix.net/20190521/41/43341/vlc1/43341_00_02.jpg?fit=crop&h=206&w=206",
                    "display_name": "Netejador domèstic brillantor Bosque Verde",
                    "bunch_selector": false,
                    "price_instructions": {
                        "iva": 21,
                        "is_new": false,
                        "is_pack": false,
                        "pack_size": null,
                        "unit_name": null,
                        "unit_size": 1.0,
                        "bulk_price": "2.15",
                        "unit_price": "2.15",
                        "approx_size": false,
                        "size_format": "l",
                        "total_units": null,
                        "unit_selector": true,
                        "bunch_selector": false,
                        "drained_weight": null,
                        "price_decreased": false,
                        "reference_price": "2.15",
                        "min_bunch_amount": 1.0,
                        "reference_format": "L",
                        "increment_bunch_amount": 1.0
                    }
                },
                {
                    "id": "43061",
                    "limit": 1000,
                    "badges": {
                        "is_water": false,
                        "requires_age_check": false
                    },
                    "packaging": "Ampolla",
                    "thumbnail": "https://prod-mercadona.imgix.net/20190521/61/43061/vlc1/43061_00_02.jpg?fit=crop&h=206&w=206",
                    "display_name": "Líquid de fregar mediterrani Bosque Verde líquid",
                    "bunch_selector": false,
                    "price_instructions": {
                        "iva": 21,
                        "is_new": false,
                        "is_pack": false,
                        "pack_size": null,
                        "unit_name": null,
                        "unit_size": 1.5,
                        "bulk_price": "0.70",
                        "unit_price": "1.05",
                        "approx_size": false,
                        "size_format": "l",
                        "total_units": null,
                        "unit_selector": true,
                        "bunch_selector": false,
                        "drained_weight": null,
                        "price_decreased": false,
                        "reference_price": "0.70",
                        "min_bunch_amount": 1.0,
                        "reference_format": "L",
                        "increment_bunch_amount": 1.0
                    }
                },
                {
                    "id": "43070",
                    "limit": 1000,
                    "badges": {
                        "is_water": false,
                        "requires_age_check": false
                    },
                    "packaging": "Ampolla",
                    "thumbnail": "https://prod-mercadona.imgix.net/20190521/70/43070/vlc1/43070_00_02.jpg?fit=crop&h=206&w=206",
                    "display_name": "Líquid de fregar insecticida Krisul líquid",
                    "bunch_selector": false,
                    "price_instructions": {
                        "iva": 21,
                        "is_new": false,
                        "is_pack": false,
                        "pack_size": null,
                        "unit_name": null,
                        "unit_size": 1.0,
                        "bulk_price": "2.15",
                        "unit_price": "2.15",
                        "approx_size": false,
                        "size_format": "l",
                        "total_units": null,
                        "unit_selector": true,
                        "bunch_selector": false,
                        "drained_weight": null,
                        "price_decreased": false,
                        "reference_price": "2.15",
                        "min_bunch_amount": 1.0,
                        "reference_format": "L",
                        "increment_bunch_amount": 1.0
                    }
                },
                {
                    "id": "43307",
                    "limit": 1000,
                    "badges": {
                        "is_water": false,
                        "requires_age_check": false
                    },
                    "packaging": "Ampolla",
                    "thumbnail": "https://prod-mercadona.imgix.net/20190521/07/43307/vlc1/43307_00_02.jpg?fit=crop&h=206&w=206",
                    "display_name": "Líquid de fregar flor de cirerer Bosque Verde líquid",
                    "bunch_selector": false,
                    "price_instructions": {
                        "iva": 21,
                        "is_new": false,
                        "is_pack": false,
                        "pack_size": null,
                        "unit_name": null,
                        "unit_size": 1.5,
                        "bulk_price": "0.70",
                        "unit_price": "1.05",
                        "approx_size": false,
                        "size_format": "l",
                        "total_units": null,
                        "unit_selector": true,
                        "bunch_selector": false,
                        "drained_weight": null,
                        "price_decreased": false,
                        "reference_price": "0.70",
                        "min_bunch_amount": 1.0,
                        "reference_format": "L",
                        "increment_bunch_amount": 1.0
                    }
                },
                {
                    "id": "43314",
                    "limit": 1000,
                    "badges": {
                        "is_water": false,
                        "requires_age_check": false
                    },
                    "packaging": "Ampolla",
                    "thumbnail": "https://prod-mercadona.imgix.net/20190521/14/43314/vlc1/43314_00_02.jpg?fit=crop&h=206&w=206",
                    "display_name": "Renovador terres Bosque Verde",
                    "bunch_selector": false,
                    "price_instructions": {
                        "iva": 21,
                        "is_new": false,
                        "is_pack": false,
                        "pack_size": null,
                        "unit_name": null,
                        "unit_size": 1.5,
                        "bulk_price": "1.67",
                        "unit_price": "2.50",
                        "approx_size": false,
                        "size_format": "l",
                        "total_units": null,
                        "unit_selector": true,
                        "bunch_selector": false,
                        "drained_weight": null,
                        "price_decreased": false,
                        "reference_price": "1.67",
                        "min_bunch_amount": 0.0,
                        "reference_format": "L",
                        "increment_bunch_amount": 0.0
                    }
                },
                {
                    "id": "43320",
                    "limit": 1000,
                    "badges": {
                        "is_water": false,
                        "requires_age_check": false
                    },
                    "packaging": "Ampolla",
                    "thumbnail": "https://prod-mercadona.imgix.net/20190521/20/43320/vlc1/43320_00_01.jpg?fit=crop&h=206&w=206",
                    "display_name": "Líquid de fregar spa Bosque Verde líquid",
                    "bunch_selector": false,
                    "price_instructions": {
                        "iva": 21,
                        "is_new": false,
                        "is_pack": false,
                        "pack_size": null,
                        "unit_name": null,
                        "unit_size": 1.5,
                        "bulk_price": "0.70",
                        "unit_price": "1.05",
                        "approx_size": false,
                        "size_format": "l",
                        "total_units": null,
                        "unit_selector": true,
                        "bunch_selector": false,
                        "drained_weight": null,
                        "price_decreased": false,
                        "reference_price": "0.70",
                        "min_bunch_amount": 1.0,
                        "reference_format": "L",
                        "increment_bunch_amount": 1.0
                    }
                },
                {
                    "id": "43347",
                    "limit": 1000,
                    "badges": {
                        "is_water": false,
                        "requires_age_check": false
                    },
                    "packaging": "Ampolla",
                    "thumbnail": "https://prod-mercadona.imgix.net/20190521/47/43347/vlc1/43347_00_02.jpg?fit=crop&h=206&w=206",
                    "display_name": "Líquid de fregar pi Bosque Verde líquid",
                    "bunch_selector": false,
                    "price_instructions": {
                        "iva": 21,
                        "is_new": false,
                        "is_pack": false,
                        "pack_size": null,
                        "unit_name": null,
                        "unit_size": 1.5,
                        "bulk_price": "0.45",
                        "unit_price": "0.68",
                        "approx_size": false,
                        "size_format": "l",
                        "total_units": null,
                        "unit_selector": true,
                        "bunch_selector": false,
                        "drained_weight": null,
                        "price_decreased": false,
                        "reference_price": "0.45",
                        "min_bunch_amount": 1.0,
                        "reference_format": "L",
                        "increment_bunch_amount": 1.0
                    }
                },
                {
                    "id": "43375",
                    "limit": 1000,
                    "badges": {
                        "is_water": false,
                        "requires_age_check": false
                    },
                    "packaging": "Ampolla",
                    "thumbnail": "https://prod-mercadona.imgix.net/20190521/75/43375/vlc1/43375_00_02.jpg?fit=crop&h=206&w=206",
                    "display_name": "Abrillantador terres Bosque Verde",
                    "bunch_selector": false,
                    "price_instructions": {
                        "iva": 21,
                        "is_new": false,
                        "is_pack": false,
                        "pack_size": null,
                        "unit_name": null,
                        "unit_size": 1.0,
                        "bulk_price": "2.05",
                        "unit_price": "2.05",
                        "approx_size": false,
                        "size_format": "l",
                        "total_units": null,
                        "unit_selector": true,
                        "bunch_selector": false,
                        "drained_weight": null,
                        "price_decreased": false,
                        "reference_price": "2.05",
                        "min_bunch_amount": 0.0,
                        "reference_format": "L",
                        "increment_bunch_amount": 0.0
                    }
                },
                {
                    "id": "44262",
                    "limit": 1000,
                    "badges": {
                        "is_water": false,
                        "requires_age_check": false
                    },
                    "packaging": "Ampolla",
                    "thumbnail": "https://prod-mercadona.imgix.net/20190521/62/44262/vlc1/44262_00_02.jpg?fit=crop&h=206&w=206",
                    "display_name": "Netejador domèstic desinfectant Bosque Verde",
                    "bunch_selector": false,
                    "price_instructions": {
                        "iva": 21,
                        "is_new": false,
                        "is_pack": false,
                        "pack_size": null,
                        "unit_name": null,
                        "unit_size": 1.5,
                        "bulk_price": "1.47",
                        "unit_price": "2.20",
                        "approx_size": false,
                        "size_format": "l",
                        "total_units": null,
                        "unit_selector": true,
                        "bunch_selector": false,
                        "drained_weight": null,
                        "price_decreased": false,
                        "reference_price": "1.47",
                        "min_bunch_amount": 1.0,
                        "reference_format": "L",
                        "increment_bunch_amount": 1.0
                    }
                },
                {
                    "id": "44300",
                    "limit": 1000,
                    "badges": {
                        "is_water": false,
                        "requires_age_check": false
                    },
                    "packaging": "Ampolla",
                    "thumbnail": "https://prod-mercadona.imgix.net/20190521/00/44300/vlc1/44300_00_02.jpg?fit=crop&h=206&w=206",
                    "display_name": "Líquid de fregar clàssic Bosque Verde concentrat",
                    "bunch_selector": false,
                    "price_instructions": {
                        "iva": 21,
                        "is_new": false,
                        "is_pack": false,
                        "pack_size": null,
                        "unit_name": null,
                        "unit_size": 1.0,
                        "bulk_price": "1.68",
                        "unit_price": "1.68",
                        "approx_size": false,
                        "size_format": "l",
                        "total_units": null,
                        "unit_selector": true,
                        "bunch_selector": false,
                        "drained_weight": null,
                        "price_decreased": false,
                        "reference_price": "1.68",
                        "min_bunch_amount": 1.0,
                        "reference_format": "L",
                        "increment_bunch_amount": 1.0
                    }
                },
                {
                    "id": "44301",
                    "limit": 1000,
                    "badges": {
                        "is_water": false,
                        "requires_age_check": false
                    },
                    "packaging": "Ampolla",
                    "thumbnail": "https://prod-mercadona.imgix.net/20190521/01/44301/vlc1/44301_00_02.jpg?fit=crop&h=206&w=206",
                    "display_name": "Líquid de fregar pètals Bosque Verde concentrat",
                    "bunch_selector": false,
                    "price_instructions": {
                        "iva": 21,
                        "is_new": false,
                        "is_pack": false,
                        "pack_size": null,
                        "unit_name": null,
                        "unit_size": 1.0,
                        "bulk_price": "1.68",
                        "unit_price": "1.68",
                        "approx_size": false,
                        "size_format": "l",
                        "total_units": null,
                        "unit_selector": true,
                        "bunch_selector": false,
                        "drained_weight": null,
                        "price_decreased": false,
                        "reference_price": "1.68",
                        "min_bunch_amount": 1.0,
                        "reference_format": "L",
                        "increment_bunch_amount": 1.0
                    }
                },
                {
                    "id": "71527",
                    "limit": 1000,
                    "badges": {
                        "is_water": false,
                        "requires_age_check": false
                    },
                    "packaging": "Paquet",
                    "thumbnail": "https://prod-mercadona.imgix.net/20190521/27/71527/vlc1/71527_00_02.jpg?fit=crop&h=206&w=206",
                    "display_name": "Tovalloletes netejadores de terra Bosque Verde",
                    "bunch_selector": false,
                    "price_instructions": {
                        "iva": 21,
                        "is_new": false,
                        "is_pack": false,
                        "pack_size": null,
                        "unit_name": null,
                        "unit_size": 20.0,
                        "bulk_price": "0.08",
                        "unit_price": "1.60",
                        "approx_size": false,
                        "size_format": "ud",
                        "total_units": null,
                        "unit_selector": true,
                        "bunch_selector": false,
                        "drained_weight": null,
                        "price_decreased": false,
                        "reference_price": "0.080",
                        "min_bunch_amount": 1.0,
                        "reference_format": "ud",
                        "increment_bunch_amount": 1.0
                    }
                }
            ],
            "is_extended": false
        },
        {
            "id": 231,
            "name": "Neteja bany i WC",
            "layout": 1,
            "products": [
                {
                    "id": "43484",
                    "limit": 1000,
                    "badges": {
                        "is_water": false,
                        "requires_age_check": false
                    },
                    "packaging": "Paquet",
                    "thumbnail": "https://prod-mercadona.imgix.net/20190521/84/43484/vlc1/43484_00_02.jpg?fit=crop&h=206&w=206",
                    "display_name": "Penjador WC blau efecte lleixiu Relevi",
                    "bunch_selector": false,
                    "price_instructions": {
                        "iva": 21,
                        "is_new": false,
                        "is_pack": false,
                        "pack_size": null,
                        "unit_name": "u.",
                        "unit_size": 0.08,
                        "bulk_price": "17.50",
                        "unit_price": "1.40",
                        "approx_size": false,
                        "size_format": "kg",
                        "total_units": 2,
                        "unit_selector": true,
                        "bunch_selector": false,
                        "drained_weight": null,
                        "price_decreased": false,
                        "reference_price": "17.50",
                        "min_bunch_amount": 1.0,
                        "reference_format": "kg",
                        "increment_bunch_amount": 1.0
                    }
                },
                {
                    "id": "43504",
                    "limit": 1000,
                    "badges": {
                        "is_water": false,
                        "requires_age_check": false
                    },
                    "packaging": "Paquet",
                    "thumbnail": "https://prod-mercadona.imgix.net/20190521/04/43504/vlc1/43504_00_02.jpg?fit=crop&h=206&w=206",
                    "display_name": "Penjador WC llimona Bref",
                    "bunch_selector": false,
                    "price_instructions": {
                        "iva": 21,
                        "is_new": false,
                        "is_pack": false,
                        "pack_size": null,
                        "unit_name": null,
                        "unit_size": 0.05,
                        "bulk_price": "35.00",
                        "unit_price": "1.75",
                        "approx_size": false,
                        "size_format": "kg",
                        "total_units": null,
                        "unit_selector": true,
                        "bunch_selector": false,
                        "drained_weight": null,
                        "price_decreased": false,
                        "reference_price": "35.00",
                        "min_bunch_amount": 1.0,
                        "reference_format": "kg",
                        "increment_bunch_amount": 1.0
                    }
                },
                {
                    "id": "43507",
                    "limit": 1000,
                    "badges": {
                        "is_water": false,
                        "requires_age_check": false
                    },
                    "packaging": "Paquet",
                    "thumbnail": "https://prod-mercadona.imgix.net/20190521/07/43507/vlc1/43507_00_02.jpg?fit=crop&h=206&w=206",
                    "display_name": "Pastilles cisterna efecte anticalç Relevi",
                    "bunch_selector": false,
                    "price_instructions": {
                        "iva": 21,
                        "is_new": false,
                        "is_pack": false,
                        "pack_size": null,
                        "unit_name": "u.",
                        "unit_size": 0.2,
                        "bulk_price": "6.00",
                        "unit_price": "1.20",
                        "approx_size": false,
                        "size_format": "kg",
                        "total_units": 4,
                        "unit_selector": true,
                        "bunch_selector": false,
                        "drained_weight": null,
                        "price_decreased": false,
                        "reference_price": "6.00",
                        "min_bunch_amount": 1.0,
                        "reference_format": "kg",
                        "increment_bunch_amount": 1.0
                    }
                },
                {
                    "id": "43508",
                    "limit": 1000,
                    "badges": {
                        "is_water": false,
                        "requires_age_check": false
                    },
                    "packaging": "Paquet",
                    "thumbnail": "https://prod-mercadona.imgix.net/20190521/08/43508/vlc1/43508_00_02.jpg?fit=crop&h=206&w=206",
                    "display_name": "Pastilles cisterna efecte lleixiu Relevi",
                    "bunch_selector": false,
                    "price_instructions": {
                        "iva": 21,
                        "is_new": false,
                        "is_pack": false,
                        "pack_size": null,
                        "unit_name": "u.",
                        "unit_size": 0.2,
                        "bulk_price": "6.50",
                        "unit_price": "1.30",
                        "approx_size": false,
                        "size_format": "kg",
                        "total_units": 4,
                        "unit_selector": true,
                        "bunch_selector": false,
                        "drained_weight": null,
                        "price_decreased": false,
                        "reference_price": "6.50",
                        "min_bunch_amount": 1.0,
                        "reference_format": "kg",
                        "increment_bunch_amount": 1.0
                    }
                },
                {
                    "id": "43045",
                    "limit": 1000,
                    "badges": {
                        "is_water": false,
                        "requires_age_check": false
                    },
                    "packaging": "Paquet",
                    "thumbnail": "https://prod-mercadona.imgix.net/20190521/45/43045/vlc1/43045_00_02.jpg?fit=crop&h=206&w=206",
                    "display_name": "Penjador WC natural-pi Bref",
                    "bunch_selector": false,
                    "price_instructions": {
                        "iva": 21,
                        "is_new": false,
                        "is_pack": false,
                        "pack_size": null,
                        "unit_name": null,
                        "unit_size": 0.05,
                        "bulk_price": "35.00",
                        "unit_price": "1.75",
                        "approx_size": false,
                        "size_format": "kg",
                        "total_units": null,
                        "unit_selector": true,
                        "bunch_selector": false,
                        "drained_weight": null,
                        "price_decreased": false,
                        "reference_price": "35.00",
                        "min_bunch_amount": 1.0,
                        "reference_format": "kg",
                        "increment_bunch_amount": 1.0
                    }
                },
                {
                    "id": "43046",
                    "limit": 1000,
                    "badges": {
                        "is_water": false,
                        "requires_age_check": false
                    },
                    "packaging": "Paquet",
                    "thumbnail": "https://prod-mercadona.imgix.net/20190521/46/43046/vlc1/43046_00_02.jpg?fit=crop&h=206&w=206",
                    "display_name": "Penjador WC frescor natura Bref",
                    "bunch_selector": false,
                    "price_instructions": {
                        "iva": 21,
                        "is_new": false,
                        "is_pack": false,
                        "pack_size": null,
                        "unit_name": "u.",
                        "unit_size": 0.1,
                        "bulk_price": "19.50",
                        "unit_price": "1.95",
                        "approx_size": false,
                        "size_format": "l",
                        "total_units": 2,
                        "unit_selector": true,
                        "bunch_selector": false,
                        "drained_weight": null,
                        "price_decreased": false,
                        "reference_price": "19.50",
                        "min_bunch_amount": 1.0,
                        "reference_format": "L",
                        "increment_bunch_amount": 1.0
                    }
                },
                {
                    "id": "43047",
                    "limit": 1000,
                    "badges": {
                        "is_water": false,
                        "requires_age_check": false
                    },
                    "packaging": "Capsa",
                    "thumbnail": "https://prod-mercadona.imgix.net/20190521/47/43047/vlc1/43047_00_02.jpg?fit=crop&h=206&w=206",
                    "display_name": "Netejador WC pols activa Bosque Verde",
                    "bunch_selector": false,
                    "price_instructions": {
                        "iva": 21,
                        "is_new": false,
                        "is_pack": false,
                        "pack_size": null,
                        "unit_name": "u.",
                        "unit_size": 0.24,
                        "bulk_price": "6.46",
                        "unit_price": "1.55",
                        "approx_size": false,
                        "size_format": "kg",
                        "total_units": 4,
                        "unit_selector": true,
                        "bunch_selector": false,
                        "drained_weight": null,
                        "price_decreased": false,
                        "reference_price": "6.46",
                        "min_bunch_amount": 1.0,
                        "reference_format": "kg",
                        "increment_bunch_amount": 1.0
                    }
                },
                {
                    "id": "43055",
                    "limit": 1000,
                    "badges": {
                        "is_water": false,
                        "requires_age_check": false
                    },
                    "packaging": "Paquet",
                    "thumbnail": "https://prod-mercadona.imgix.net/20190521/55/43055/vlc1/43055_00_02.jpg?fit=crop&h=206&w=206",
                    "display_name": "Penjador WC gotes maxi pi Bosque Verde",
                    "bunch_selector": false,
                    "price_instructions": {
                        "iva": 21,
                        "is_new": false,
                        "is_pack": false,
                        "pack_size": null,
                        "unit_name": "u.",
                        "unit_size": 0.08,
                        "bulk_price": "17.50",
                        "unit_price": "1.40",
                        "approx_size": false,
                        "size_format": "l",
                        "total_units": 2,
                        "unit_selector": true,
                        "bunch_selector": false,
                        "drained_weight": null,
                        "price_decreased": false,
                        "reference_price": "17.50",
                        "min_bunch_amount": 1.0,
                        "reference_format": "L",
                        "increment_bunch_amount": 1.0
                    }
                },
                {
                    "id": "43056",
                    "limit": 1000,
                    "badges": {
                        "is_water": false,
                        "requires_age_check": false
                    },
                    "packaging": "Paquet",
                    "thumbnail": "https://prod-mercadona.imgix.net/20190521/56/43056/vlc1/43056_00_02.jpg?fit=crop&h=206&w=206",
                    "display_name": "Penjador WC gotes maxi llimona Relevi",
                    "bunch_selector": false,
                    "price_instructions": {
                        "iva": 21,
                        "is_new": false,
                        "is_pack": false,
                        "pack_size": null,
                        "unit_name": "u.",
                        "unit_size": 0.08,
                        "bulk_price": "17.50",
                        "unit_price": "1.40",
                        "approx_size": false,
                        "size_format": "kg",
                        "total_units": 2,
                        "unit_selector": true,
                        "bunch_selector": false,
                        "drained_weight": null,
                        "price_decreased": false,
                        "reference_price": "17.50",
                        "min_bunch_amount": 1.0,
                        "reference_format": "L",
                        "increment_bunch_amount": 1.0
                    }
                },
                {
                    "id": "43400",
                    "limit": 1000,
                    "badges": {
                        "is_water": false,
                        "requires_age_check": false
                    },
                    "packaging": "Paquet",
                    "thumbnail": "https://prod-mercadona.imgix.net/20190521/00/43400/vlc1/43400_00_02.jpg?fit=crop&h=206&w=206",
                    "display_name": "Netejador WC discos de gel actius marine Pato",
                    "bunch_selector": false,
                    "price_instructions": {
                        "iva": 21,
                        "is_new": false,
                        "is_pack": false,
                        "pack_size": null,
                        "unit_name": null,
                        "unit_size": 0.036,
                        "bulk_price": "79.44",
                        "unit_price": "2.86",
                        "approx_size": false,
                        "size_format": "l",
                        "total_units": null,
                        "unit_selector": true,
                        "bunch_selector": false,
                        "drained_weight": null,
                        "price_decreased": false,
                        "reference_price": "7.94",
                        "min_bunch_amount": 1.0,
                        "reference_format": "100 ml",
                        "increment_bunch_amount": 1.0
                    }
                },
                {
                    "id": "43401",
                    "limit": 1000,
                    "badges": {
                        "is_water": false,
                        "requires_age_check": false
                    },
                    "packaging": "Paquet",
                    "thumbnail": "https://prod-mercadona.imgix.net/20190521/01/43401/vlc1/43401_00_02.jpg?fit=crop&h=206&w=206",
                    "display_name": "Netejador WC discos de gel actius llimi zest Pato",
                    "bunch_selector": false,
                    "price_instructions": {
                        "iva": 21,
                        "is_new": false,
                        "is_pack": false,
                        "pack_size": null,
                        "unit_name": null,
                        "unit_size": 0.036,
                        "bulk_price": "80.56",
                        "unit_price": "2.90",
                        "approx_size": false,
                        "size_format": "l",
                        "total_units": null,
                        "unit_selector": true,
                        "bunch_selector": false,
                        "drained_weight": null,
                        "price_decreased": false,
                        "reference_price": "8.06",
                        "min_bunch_amount": 1.0,
                        "reference_format": "100 ml",
                        "increment_bunch_amount": 1.0
                    }
                },
                {
                    "id": "43404",
                    "limit": 1000,
                    "badges": {
                        "is_water": false,
                        "requires_age_check": false
                    },
                    "packaging": "Capsa",
                    "thumbnail": "https://prod-mercadona.imgix.net/20190521/04/43404/vlc1/43404_00_02.jpg?fit=crop&h=206&w=206",
                    "display_name": "Recanvi netejador WC discos de gel actius lime zest Pato",
                    "bunch_selector": false,
                    "price_instructions": {
                        "iva": 21,
                        "is_new": false,
                        "is_pack": false,
                        "pack_size": null,
                        "unit_name": null,
                        "unit_size": 0.036,
                        "bulk_price": "76.39",
                        "unit_price": "2.75",
                        "approx_size": false,
                        "size_format": "l",
                        "total_units": null,
                        "unit_selector": true,
                        "bunch_selector": false,
                        "drained_weight": null,
                        "price_decreased": false,
                        "reference_price": "7.64",
                        "min_bunch_amount": 1.0,
                        "reference_format": "100 ml",
                        "increment_bunch_amount": 1.0
                    }
                },
                {
                    "id": "43474",
                    "limit": 1000,
                    "badges": {
                        "is_water": false,
                        "requires_age_check": false
                    },
                    "packaging": "Paquet",
                    "thumbnail": "https://prod-mercadona.imgix.net/20190521/74/43474/vlc1/43474_00_02.jpg?fit=crop&h=206&w=206",
                    "display_name": "Penjador WC blau perfum marí Relevi",
                    "bunch_selector": false,
                    "price_instructions": {
                        "iva": 21,
                        "is_new": false,
                        "is_pack": false,
                        "pack_size": null,
                        "unit_name": "u.",
                        "unit_size": 0.08,
                        "bulk_price": "16.25",
                        "unit_price": "1.30",
                        "approx_size": false,
                        "size_format": "kg",
                        "total_units": 2,
                        "unit_selector": true,
                        "bunch_selector": false,
                        "drained_weight": null,
                        "price_decreased": false,
                        "reference_price": "16.25",
                        "min_bunch_amount": 1.0,
                        "reference_format": "kg",
                        "increment_bunch_amount": 1.0
                    }
                },
                {
                    "id": "43025",
                    "limit": 1000,
                    "badges": {
                        "is_water": false,
                        "requires_age_check": false
                    },
                    "packaging": "Ampolla",
                    "thumbnail": "https://prod-mercadona.imgix.net/20190521/25/43025/vlc1/43025_00_02.jpg?fit=crop&h=206&w=206",
                    "display_name": "Netejador anticalç Bosque Verde",
                    "bunch_selector": false,
                    "price_instructions": {
                        "iva": 21,
                        "is_new": false,
                        "is_pack": false,
                        "pack_size": null,
                        "unit_name": null,
                        "unit_size": 0.75,
                        "bulk_price": "2.13",
                        "unit_price": "1.60",
                        "approx_size": false,
                        "size_format": "l",
                        "total_units": null,
                        "unit_selector": true,
                        "bunch_selector": false,
                        "drained_weight": null,
                        "price_decreased": false,
                        "reference_price": "2.13",
                        "min_bunch_amount": 1.0,
                        "reference_format": "L",
                        "increment_bunch_amount": 1.0
                    }
                },
                {
                    "id": "43026",
                    "limit": 1000,
                    "badges": {
                        "is_water": false,
                        "requires_age_check": false
                    },
                    "packaging": "Ampolla",
                    "thumbnail": "https://prod-mercadona.imgix.net/20190521/26/43026/vlc1/43026_00_02.jpg?fit=crop&h=206&w=206",
                    "display_name": "Netejador anticalç Bosque Verde en gel",
                    "bunch_selector": false,
                    "price_instructions": {
                        "iva": 21,
                        "is_new": false,
                        "is_pack": false,
                        "pack_size": null,
                        "unit_name": null,
                        "unit_size": 0.75,
                        "bulk_price": "2.13",
                        "unit_price": "1.60",
                        "approx_size": false,
                        "size_format": "l",
                        "total_units": null,
                        "unit_selector": true,
                        "bunch_selector": false,
                        "drained_weight": null,
                        "price_decreased": false,
                        "reference_price": "2.13",
                        "min_bunch_amount": 1.0,
                        "reference_format": "L",
                        "increment_bunch_amount": 1.0
                    }
                },
                {
                    "id": "43804",
                    "limit": 1000,
                    "badges": {
                        "is_water": false,
                        "requires_age_check": false
                    },
                    "packaging": "Ampolla",
                    "thumbnail": "https://prod-mercadona.imgix.net/20190521/04/43804/vlc1/43804_00_02.jpg?fit=crop&h=206&w=206",
                    "display_name": "Netejador calç i brutícia Cillit Bang",
                    "bunch_selector": false,
                    "price_instructions": {
                        "iva": 21,
                        "is_new": false,
                        "is_pack": false,
                        "pack_size": null,
                        "unit_name": null,
                        "unit_size": 0.75,
                        "bulk_price": "3.99",
                        "unit_price": "2.99",
                        "approx_size": false,
                        "size_format": "l",
                        "total_units": null,
                        "unit_selector": true,
                        "bunch_selector": false,
                        "drained_weight": null,
                        "price_decreased": false,
                        "reference_price": "3.99",
                        "min_bunch_amount": 0.0,
                        "reference_format": "L",
                        "increment_bunch_amount": 0.0
                    }
                },
                {
                    "id": "43820",
                    "limit": 1000,
                    "badges": {
                        "is_water": false,
                        "requires_age_check": false
                    },
                    "packaging": "Ampolla",
                    "thumbnail": "https://prod-mercadona.imgix.net/20190521/20/43820/vlc1/43820_00_02.jpg?fit=crop&h=206&w=206",
                    "display_name": "Netejador potent Bosque Verde",
                    "bunch_selector": false,
                    "price_instructions": {
                        "iva": 21,
                        "is_new": false,
                        "is_pack": false,
                        "pack_size": null,
                        "unit_name": null,
                        "unit_size": 0.75,
                        "bulk_price": "1.85",
                        "unit_price": "1.39",
                        "approx_size": false,
                        "size_format": "l",
                        "total_units": null,
                        "unit_selector": true,
                        "bunch_selector": false,
                        "drained_weight": null,
                        "price_decreased": false,
                        "reference_price": "1.85",
                        "min_bunch_amount": 0.0,
                        "reference_format": "L",
                        "increment_bunch_amount": 0.0
                    }
                },
                {
                    "id": "42203",
                    "limit": 1000,
                    "badges": {
                        "is_water": false,
                        "requires_age_check": false
                    },
                    "packaging": "Ampolla",
                    "thumbnail": "https://prod-mercadona.imgix.net/20190521/03/42203/vlc1/42203_00_02.jpg?fit=crop&h=206&w=206",
                    "display_name": "Gel WC flor de cirerer Bosque Verde",
                    "bunch_selector": false,
                    "price_instructions": {
                        "iva": 21,
                        "is_new": false,
                        "is_pack": false,
                        "pack_size": null,
                        "unit_name": null,
                        "unit_size": 1.0,
                        "bulk_price": "0.99",
                        "unit_price": "0.99",
                        "approx_size": false,
                        "size_format": "l",
                        "total_units": null,
                        "unit_selector": true,
                        "bunch_selector": false,
                        "drained_weight": null,
                        "price_decreased": false,
                        "reference_price": "0.99",
                        "min_bunch_amount": 1.0,
                        "reference_format": "L",
                        "increment_bunch_amount": 1.0
                    }
                },
                {
                    "id": "43028",
                    "limit": 1000,
                    "badges": {
                        "is_water": false,
                        "requires_age_check": false
                    },
                    "packaging": "Ampolla",
                    "thumbnail": "https://prod-mercadona.imgix.net/20190521/28/43028/vlc1/43028_00_01.jpg?fit=crop&h=206&w=206",
                    "display_name": "Gel WC desincrustant Bosque Verde",
                    "bunch_selector": false,
                    "price_instructions": {
                        "iva": 21,
                        "is_new": false,
                        "is_pack": false,
                        "pack_size": null,
                        "unit_name": null,
                        "unit_size": 1.0,
                        "bulk_price": "1.60",
                        "unit_price": "1.60",
                        "approx_size": false,
                        "size_format": "l",
                        "total_units": null,
                        "unit_selector": true,
                        "bunch_selector": false,
                        "drained_weight": null,
                        "price_decreased": false,
                        "reference_price": "1.60",
                        "min_bunch_amount": 1.0,
                        "reference_format": "L",
                        "increment_bunch_amount": 1.0
                    }
                },
                {
                    "id": "43417",
                    "limit": 1000,
                    "badges": {
                        "is_water": false,
                        "requires_age_check": false
                    },
                    "packaging": "Ampolla",
                    "thumbnail": "https://prod-mercadona.imgix.net/20190521/17/43417/vlc1/43417_00_02.jpg?fit=crop&h=206&w=206",
                    "display_name": "Netejador WC amb lleixiu Bosque Verde en gel",
                    "bunch_selector": false,
                    "price_instructions": {
                        "iva": 21,
                        "is_new": false,
                        "is_pack": false,
                        "pack_size": null,
                        "unit_name": null,
                        "unit_size": 1.25,
                        "bulk_price": "0.98",
                        "unit_price": "1.23",
                        "approx_size": false,
                        "size_format": "l",
                        "total_units": null,
                        "unit_selector": true,
                        "bunch_selector": false,
                        "drained_weight": null,
                        "price_decreased": false,
                        "reference_price": "0.98",
                        "min_bunch_amount": 1.0,
                        "reference_format": "L",
                        "increment_bunch_amount": 1.0
                    }
                },
                {
                    "id": "43420",
                    "limit": 1000,
                    "badges": {
                        "is_water": false,
                        "requires_age_check": false
                    },
                    "packaging": "Ampolla",
                    "thumbnail": "https://prod-mercadona.imgix.net/20190521/20/43420/vlc1/43420_00_02.jpg?fit=crop&h=206&w=206",
                    "display_name": "Gel WC spa Bosque Verde",
                    "bunch_selector": false,
                    "price_instructions": {
                        "iva": 21,
                        "is_new": false,
                        "is_pack": false,
                        "pack_size": null,
                        "unit_name": null,
                        "unit_size": 1.0,
                        "bulk_price": "0.99",
                        "unit_price": "0.99",
                        "approx_size": false,
                        "size_format": "l",
                        "total_units": null,
                        "unit_selector": true,
                        "bunch_selector": false,
                        "drained_weight": null,
                        "price_decreased": false,
                        "reference_price": "0.99",
                        "min_bunch_amount": 1.0,
                        "reference_format": "L",
                        "increment_bunch_amount": 1.0
                    }
                },
                {
                    "id": "43421",
                    "limit": 1000,
                    "badges": {
                        "is_water": false,
                        "requires_age_check": false
                    },
                    "packaging": "Ampolla",
                    "thumbnail": "https://prod-mercadona.imgix.net/20190521/21/43421/vlc1/43421_00_02.jpg?fit=crop&h=206&w=206",
                    "display_name": "Netejador dutxa Bosque Verde",
                    "bunch_selector": false,
                    "price_instructions": {
                        "iva": 21,
                        "is_new": false,
                        "is_pack": false,
                        "pack_size": null,
                        "unit_name": null,
                        "unit_size": 1.0,
                        "bulk_price": "1.60",
                        "unit_price": "1.60",
                        "approx_size": false,
                        "size_format": "l",
                        "total_units": null,
                        "unit_selector": true,
                        "bunch_selector": false,
                        "drained_weight": null,
                        "price_decreased": false,
                        "reference_price": "1.60",
                        "min_bunch_amount": 1.0,
                        "reference_format": "L",
                        "increment_bunch_amount": 1.0
                    }
                },
                {
                    "id": "43480",
                    "limit": 1000,
                    "badges": {
                        "is_water": false,
                        "requires_age_check": false
                    },
                    "packaging": "Ampolla",
                    "thumbnail": "https://prod-mercadona.imgix.net/20190521/80/43480/vlc1/43480_00_02.jpg?fit=crop&h=206&w=206",
                    "display_name": "Netejador banys desinfectant Bosque Verde en gel",
                    "bunch_selector": false,
                    "price_instructions": {
                        "iva": 21,
                        "is_new": false,
                        "is_pack": false,
                        "pack_size": null,
                        "unit_name": null,
                        "unit_size": 0.75,
                        "bulk_price": "2.00",
                        "unit_price": "1.50",
                        "approx_size": false,
                        "size_format": "l",
                        "total_units": null,
                        "unit_selector": true,
                        "bunch_selector": false,
                        "drained_weight": null,
                        "price_decreased": false,
                        "reference_price": "2.00",
                        "min_bunch_amount": 1.0,
                        "reference_format": "L",
                        "increment_bunch_amount": 1.0
                    }
                },
                {
                    "id": "43482",
                    "limit": 1000,
                    "badges": {
                        "is_water": false,
                        "requires_age_check": false
                    },
                    "packaging": "Paquet",
                    "thumbnail": "https://prod-mercadona.imgix.net/20190521/82/43482/vlc1/43482_00_02.jpg?fit=crop&h=206&w=206",
                    "display_name": "Tovalloletes netejadores de banys Bosque Verde",
                    "bunch_selector": false,
                    "price_instructions": {
                        "iva": 21,
                        "is_new": false,
                        "is_pack": false,
                        "pack_size": null,
                        "unit_name": null,
                        "unit_size": 50.0,
                        "bulk_price": "0.03",
                        "unit_price": "1.35",
                        "approx_size": false,
                        "size_format": "ud",
                        "total_units": null,
                        "unit_selector": true,
                        "bunch_selector": false,
                        "drained_weight": null,
                        "price_decreased": false,
                        "reference_price": "0.027",
                        "min_bunch_amount": 1.0,
                        "reference_format": "ud",
                        "increment_bunch_amount": 1.0
                    }
                },
                {
                    "id": "43496",
                    "limit": 1000,
                    "badges": {
                        "is_water": false,
                        "requires_age_check": false
                    },
                    "packaging": "Ampolla",
                    "thumbnail": "https://prod-mercadona.imgix.net/20190521/96/43496/vlc1/43496_00_02.jpg?fit=crop&h=206&w=206",
                    "display_name": "Netejador banys Bosque Verde en gel",
                    "bunch_selector": false,
                    "price_instructions": {
                        "iva": 21,
                        "is_new": false,
                        "is_pack": false,
                        "pack_size": null,
                        "unit_name": null,
                        "unit_size": 1.5,
                        "bulk_price": "0.87",
                        "unit_price": "1.30",
                        "approx_size": false,
                        "size_format": "l",
                        "total_units": null,
                        "unit_selector": true,
                        "bunch_selector": false,
                        "drained_weight": null,
                        "price_decreased": false,
                        "reference_price": "0.87",
                        "min_bunch_amount": 1.0,
                        "reference_format": "L",
                        "increment_bunch_amount": 1.0
                    }
                },
                {
                    "id": "43511",
                    "limit": 1000,
                    "badges": {
                        "is_water": false,
                        "requires_age_check": false
                    },
                    "packaging": "Ampolla",
                    "thumbnail": "https://prod-mercadona.imgix.net/20190521/11/43511/vlc1/43511_00_02.jpg?fit=crop&h=206&w=206",
                    "display_name": "Netejador banys Don Limpio",
                    "bunch_selector": false,
                    "price_instructions": {
                        "iva": 21,
                        "is_new": false,
                        "is_pack": false,
                        "pack_size": null,
                        "unit_name": null,
                        "unit_size": 1.4,
                        "bulk_price": "1.57",
                        "unit_price": "2.20",
                        "approx_size": false,
                        "size_format": "l",
                        "total_units": null,
                        "unit_selector": true,
                        "bunch_selector": false,
                        "drained_weight": null,
                        "price_decreased": false,
                        "reference_price": "1.57",
                        "min_bunch_amount": 0.0,
                        "reference_format": "L",
                        "increment_bunch_amount": 0.0
                    }
                },
                {
                    "id": "43821",
                    "limit": 1000,
                    "badges": {
                        "is_water": false,
                        "requires_age_check": false
                    },
                    "packaging": "Ampolla",
                    "thumbnail": "https://prod-mercadona.imgix.net/20190521/21/43821/vlc1/43821_00_02.jpg?fit=crop&h=206&w=206",
                    "display_name": "Netejador anticalç Viakal clàssic",
                    "bunch_selector": false,
                    "price_instructions": {
                        "iva": 21,
                        "is_new": false,
                        "is_pack": false,
                        "pack_size": null,
                        "unit_name": null,
                        "unit_size": 0.625,
                        "bulk_price": "4.40",
                        "unit_price": "2.75",
                        "approx_size": false,
                        "size_format": "l",
                        "total_units": null,
                        "unit_selector": true,
                        "bunch_selector": false,
                        "drained_weight": null,
                        "price_decreased": false,
                        "reference_price": "4.40",
                        "min_bunch_amount": 1.0,
                        "reference_format": "L",
                        "increment_bunch_amount": 1.0
                    }
                }
            ],
            "is_extended": false
        },
        {
            "id": 230,
            "name": "Neteja cuina",
            "layout": 1,
            "products": [
                {
                    "id": "44255",
                    "limit": 1000,
                    "badges": {
                        "is_water": false,
                        "requires_age_check": false
                    },
                    "packaging": "Ampolla",
                    "thumbnail": "https://prod-mercadona.imgix.net/20190521/55/44255/vlc1/44255_00_02.jpg?fit=crop&h=206&w=206",
                    "display_name": "Netejador vitroceràmiques Bosque Verde 3 en 1",
                    "bunch_selector": false,
                    "price_instructions": {
                        "iva": 21,
                        "is_new": false,
                        "is_pack": false,
                        "pack_size": null,
                        "unit_name": null,
                        "unit_size": 0.5,
                        "bulk_price": "3.90",
                        "unit_price": "1.95",
                        "approx_size": false,
                        "size_format": "l",
                        "total_units": null,
                        "unit_selector": true,
                        "bunch_selector": false,
                        "drained_weight": null,
                        "price_decreased": false,
                        "reference_price": "3.90",
                        "min_bunch_amount": 1.0,
                        "reference_format": "L",
                        "increment_bunch_amount": 1.0
                    }
                },
                {
                    "id": "43311",
                    "limit": 1000,
                    "badges": {
                        "is_water": false,
                        "requires_age_check": false
                    },
                    "packaging": "Ampolla",
                    "thumbnail": "https://prod-mercadona.imgix.net/20190521/11/43311/vlc1/43311_00_02.jpg?fit=crop&h=206&w=206",
                    "display_name": "Netejador cuines amb amoníac Bosque Verde essències cítriques",
                    "bunch_selector": false,
                    "price_instructions": {
                        "iva": 21,
                        "is_new": false,
                        "is_pack": false,
                        "pack_size": null,
                        "unit_name": null,
                        "unit_size": 1.5,
                        "bulk_price": "1.00",
                        "unit_price": "1.50",
                        "approx_size": false,
                        "size_format": "l",
                        "total_units": null,
                        "unit_selector": true,
                        "bunch_selector": false,
                        "drained_weight": null,
                        "price_decreased": false,
                        "reference_price": "1.00",
                        "min_bunch_amount": 1.0,
                        "reference_format": "L",
                        "increment_bunch_amount": 1.0
                    }
                },
                {
                    "id": "43323",
                    "limit": 1000,
                    "badges": {
                        "is_water": false,
                        "requires_age_check": false
                    },
                    "packaging": "Ampolla",
                    "thumbnail": "https://prod-mercadona.imgix.net/20190521/23/43323/vlc1/43323_00_02.jpg?fit=crop&h=206&w=206",
                    "display_name": "Netejador microones i frigorífics Bosque Verde",
                    "bunch_selector": false,
                    "price_instructions": {
                        "iva": 21,
                        "is_new": false,
                        "is_pack": false,
                        "pack_size": null,
                        "unit_name": null,
                        "unit_size": 0.5,
                        "bulk_price": "3.60",
                        "unit_price": "1.80",
                        "approx_size": false,
                        "size_format": "l",
                        "total_units": null,
                        "unit_selector": true,
                        "bunch_selector": false,
                        "drained_weight": null,
                        "price_decreased": false,
                        "reference_price": "3.60",
                        "min_bunch_amount": 0.0,
                        "reference_format": "L",
                        "increment_bunch_amount": 0.0
                    }
                },
                {
                    "id": "43032",
                    "limit": 1000,
                    "badges": {
                        "is_water": false,
                        "requires_age_check": false
                    },
                    "packaging": "Ampolla",
                    "thumbnail": "https://prod-mercadona.imgix.net/20190521/32/43032/vlc1/43032_00_02.jpg?fit=crop&h=206&w=206",
                    "display_name": "Oli abrillantador acer inoxidable i alumini Bosque Verde",
                    "bunch_selector": false,
                    "price_instructions": {
                        "iva": 21,
                        "is_new": false,
                        "is_pack": false,
                        "pack_size": null,
                        "unit_name": null,
                        "unit_size": 0.5,
                        "bulk_price": "7.58",
                        "unit_price": "3.79",
                        "approx_size": false,
                        "size_format": "l",
                        "total_units": null,
                        "unit_selector": true,
                        "bunch_selector": false,
                        "drained_weight": null,
                        "price_decreased": false,
                        "reference_price": "7.58",
                        "min_bunch_amount": 0.0,
                        "reference_format": "L",
                        "increment_bunch_amount": 0.0
                    }
                },
                {
                    "id": "43033",
                    "limit": 1000,
                    "badges": {
                        "is_water": false,
                        "requires_age_check": false
                    },
                    "packaging": "Ampolla",
                    "thumbnail": "https://prod-mercadona.imgix.net/20190521/33/43033/vlc1/43033_00_02.jpg?fit=crop&h=206&w=206",
                    "display_name": "Crema abrillantadora acer inoxidable i alumini Bosque Verde",
                    "bunch_selector": false,
                    "price_instructions": {
                        "iva": 21,
                        "is_new": false,
                        "is_pack": false,
                        "pack_size": null,
                        "unit_name": null,
                        "unit_size": 0.5,
                        "bulk_price": "4.50",
                        "unit_price": "2.25",
                        "approx_size": false,
                        "size_format": "l",
                        "total_units": null,
                        "unit_selector": true,
                        "bunch_selector": false,
                        "drained_weight": null,
                        "price_decreased": false,
                        "reference_price": "4.50",
                        "min_bunch_amount": 0.0,
                        "reference_format": "L",
                        "increment_bunch_amount": 0.0
                    }
                },
                {
                    "id": "43901",
                    "limit": 1000,
                    "badges": {
                        "is_water": false,
                        "requires_age_check": false
                    },
                    "packaging": "Ampolla",
                    "thumbnail": "https://prod-mercadona.imgix.net/20190521/01/43901/vlc1/43901_00_02.jpg?fit=crop&h=206&w=206",
                    "display_name": "Desgreixador KH-7",
                    "bunch_selector": false,
                    "price_instructions": {
                        "iva": 21,
                        "is_new": false,
                        "is_pack": false,
                        "pack_size": null,
                        "unit_name": null,
                        "unit_size": 0.75,
                        "bulk_price": "4.13",
                        "unit_price": "3.10",
                        "approx_size": false,
                        "size_format": "l",
                        "total_units": null,
                        "unit_selector": true,
                        "bunch_selector": false,
                        "drained_weight": null,
                        "price_decreased": false,
                        "reference_price": "4.13",
                        "min_bunch_amount": 0.0,
                        "reference_format": "L",
                        "increment_bunch_amount": 0.0
                    }
                },
                {
                    "id": "43906",
                    "limit": 1000,
                    "badges": {
                        "is_water": false,
                        "requires_age_check": false
                    },
                    "packaging": "Ampolla",
                    "thumbnail": "https://prod-mercadona.imgix.net/20190521/06/43906/vlc1/43906_00_02.jpg?fit=crop&h=206&w=206",
                    "display_name": "Desgreixador sense escuma Bosque Verde perfum llimona",
                    "bunch_selector": false,
                    "price_instructions": {
                        "iva": 21,
                        "is_new": false,
                        "is_pack": false,
                        "pack_size": null,
                        "unit_name": null,
                        "unit_size": 0.75,
                        "bulk_price": "2.08",
                        "unit_price": "1.56",
                        "approx_size": false,
                        "size_format": "l",
                        "total_units": null,
                        "unit_selector": true,
                        "bunch_selector": false,
                        "drained_weight": null,
                        "price_decreased": false,
                        "reference_price": "2.08",
                        "min_bunch_amount": 1.0,
                        "reference_format": "L",
                        "increment_bunch_amount": 1.0
                    }
                },
                {
                    "id": "43908",
                    "limit": 1000,
                    "badges": {
                        "is_water": false,
                        "requires_age_check": false
                    },
                    "packaging": "Ampolla",
                    "thumbnail": "https://prod-mercadona.imgix.net/20190521/08/43908/vlc1/43908_00_02.jpg?fit=crop&h=206&w=206",
                    "display_name": "Desgreixador KH-7",
                    "bunch_selector": false,
                    "price_instructions": {
                        "iva": 21,
                        "is_new": false,
                        "is_pack": false,
                        "pack_size": null,
                        "unit_name": null,
                        "unit_size": 0.75,
                        "bulk_price": "3.53",
                        "unit_price": "2.65",
                        "approx_size": false,
                        "size_format": "l",
                        "total_units": null,
                        "unit_selector": true,
                        "bunch_selector": false,
                        "drained_weight": null,
                        "price_decreased": false,
                        "reference_price": "3.53",
                        "min_bunch_amount": 0.0,
                        "reference_format": "L",
                        "increment_bunch_amount": 0.0
                    }
                },
                {
                    "id": "43914",
                    "limit": 1000,
                    "badges": {
                        "is_water": false,
                        "requires_age_check": false
                    },
                    "packaging": "Ampolla",
                    "thumbnail": "https://prod-mercadona.imgix.net/20190521/14/43914/vlc1/43914_00_02.jpg?fit=crop&h=206&w=206",
                    "display_name": "Desgreixador Bosque Verde perfum Marsella",
                    "bunch_selector": false,
                    "price_instructions": {
                        "iva": 21,
                        "is_new": false,
                        "is_pack": false,
                        "pack_size": null,
                        "unit_name": null,
                        "unit_size": 0.75,
                        "bulk_price": "1.73",
                        "unit_price": "1.30",
                        "approx_size": false,
                        "size_format": "l",
                        "total_units": null,
                        "unit_selector": true,
                        "bunch_selector": false,
                        "drained_weight": null,
                        "price_decreased": false,
                        "reference_price": "1.73",
                        "min_bunch_amount": 1.0,
                        "reference_format": "L",
                        "increment_bunch_amount": 1.0
                    }
                },
                {
                    "id": "43935",
                    "limit": 1000,
                    "badges": {
                        "is_water": false,
                        "requires_age_check": false
                    },
                    "packaging": "Paquet",
                    "thumbnail": "https://prod-mercadona.imgix.net/20190521/35/43935/vlc1/43935_00_02.jpg?fit=crop&h=206&w=206",
                    "display_name": "Tovalloletes netejadores desgreixadores de cuina Bosque Verde",
                    "bunch_selector": false,
                    "price_instructions": {
                        "iva": 21,
                        "is_new": false,
                        "is_pack": false,
                        "pack_size": null,
                        "unit_name": null,
                        "unit_size": 50.0,
                        "bulk_price": "0.03",
                        "unit_price": "1.35",
                        "approx_size": false,
                        "size_format": "ud",
                        "total_units": null,
                        "unit_selector": true,
                        "bunch_selector": false,
                        "drained_weight": null,
                        "price_decreased": false,
                        "reference_price": "0.027",
                        "min_bunch_amount": 1.0,
                        "reference_format": "ud",
                        "increment_bunch_amount": 1.0
                    }
                },
                {
                    "id": "44215",
                    "limit": 1000,
                    "badges": {
                        "is_water": false,
                        "requires_age_check": false
                    },
                    "packaging": "Ampolla",
                    "thumbnail": "https://prod-mercadona.imgix.net/20190521/15/44215/vlc1/44215_00_02.jpg?fit=crop&h=206&w=206",
                    "display_name": "Netejador plaques d'inducció Bosque Verde líquid",
                    "bunch_selector": false,
                    "price_instructions": {
                        "iva": 21,
                        "is_new": false,
                        "is_pack": false,
                        "pack_size": null,
                        "unit_name": null,
                        "unit_size": 0.5,
                        "bulk_price": "3.44",
                        "unit_price": "1.72",
                        "approx_size": false,
                        "size_format": "l",
                        "total_units": null,
                        "unit_selector": true,
                        "bunch_selector": false,
                        "drained_weight": null,
                        "price_decreased": false,
                        "reference_price": "3.44",
                        "min_bunch_amount": 1.0,
                        "reference_format": "L",
                        "increment_bunch_amount": 1.0
                    }
                },
                {
                    "id": "44201",
                    "limit": 1000,
                    "badges": {
                        "is_water": false,
                        "requires_age_check": false
                    },
                    "packaging": "Ampolla",
                    "thumbnail": "https://prod-mercadona.imgix.net/20190521/01/44201/vlc1/44201_00_02.jpg?fit=crop&h=206&w=206",
                    "display_name": "Crema netejadora vitroceràmiques Vitroclen 3 en 1",
                    "bunch_selector": false,
                    "price_instructions": {
                        "iva": 21,
                        "is_new": false,
                        "is_pack": false,
                        "pack_size": null,
                        "unit_name": null,
                        "unit_size": 0.45,
                        "bulk_price": "10.89",
                        "unit_price": "4.90",
                        "approx_size": false,
                        "size_format": "l",
                        "total_units": null,
                        "unit_selector": true,
                        "bunch_selector": false,
                        "drained_weight": null,
                        "price_decreased": false,
                        "reference_price": "10.89",
                        "min_bunch_amount": 1.0,
                        "reference_format": "L",
                        "increment_bunch_amount": 1.0
                    }
                },
                {
                    "id": "44207",
                    "limit": 1000,
                    "badges": {
                        "is_water": false,
                        "requires_age_check": false
                    },
                    "packaging": "Ampolla",
                    "thumbnail": "https://prod-mercadona.imgix.net/20190521/07/44207/vlc1/44207_00_02.jpg?fit=crop&h=206&w=206",
                    "display_name": "Crema netejadora vitroceràmiques Froggy amb taronja",
                    "bunch_selector": false,
                    "price_instructions": {
                        "iva": 21,
                        "is_new": false,
                        "is_pack": false,
                        "pack_size": null,
                        "unit_name": null,
                        "unit_size": 0.65,
                        "bulk_price": "2.92",
                        "unit_price": "1.90",
                        "approx_size": false,
                        "size_format": "l",
                        "total_units": null,
                        "unit_selector": true,
                        "bunch_selector": false,
                        "drained_weight": null,
                        "price_decreased": false,
                        "reference_price": "2.92",
                        "min_bunch_amount": 1.0,
                        "reference_format": "L",
                        "increment_bunch_amount": 1.0
                    }
                },
                {
                    "id": "44210",
                    "limit": 1000,
                    "badges": {
                        "is_water": false,
                        "requires_age_check": false
                    },
                    "packaging": "Esprai",
                    "thumbnail": "https://prod-mercadona.imgix.net/20190521/10/44210/vlc1/44210_00_02.jpg?fit=crop&h=206&w=206",
                    "display_name": "Netejador de forns Bosque Verde",
                    "bunch_selector": false,
                    "price_instructions": {
                        "iva": 21,
                        "is_new": false,
                        "is_pack": false,
                        "pack_size": null,
                        "unit_name": null,
                        "unit_size": 0.3,
                        "bulk_price": "3.63",
                        "unit_price": "1.09",
                        "approx_size": false,
                        "size_format": "l",
                        "total_units": null,
                        "unit_selector": true,
                        "bunch_selector": false,
                        "drained_weight": null,
                        "price_decreased": false,
                        "reference_price": "3.63",
                        "min_bunch_amount": 0.0,
                        "reference_format": "L",
                        "increment_bunch_amount": 0.0
                    }
                },
                {
                    "id": "48803",
                    "limit": 1000,
                    "badges": {
                        "is_water": false,
                        "requires_age_check": false
                    },
                    "packaging": "Ampolla",
                    "thumbnail": "https://prod-mercadona.imgix.net/20190521/03/48803/vlc1/48803_00_02.jpg?fit=crop&h=206&w=206",
                    "display_name": "Descalcificador electrodomèstics petits Bosque Verde",
                    "bunch_selector": false,
                    "price_instructions": {
                        "iva": 21,
                        "is_new": false,
                        "is_pack": false,
                        "pack_size": null,
                        "unit_name": null,
                        "unit_size": 0.5,
                        "bulk_price": "3.60",
                        "unit_price": "1.80",
                        "approx_size": false,
                        "size_format": "l",
                        "total_units": null,
                        "unit_selector": true,
                        "bunch_selector": false,
                        "drained_weight": null,
                        "price_decreased": false,
                        "reference_price": "3.60",
                        "min_bunch_amount": 1.0,
                        "reference_format": "L",
                        "increment_bunch_amount": 1.0
                    }
                },
                {
                    "id": "44264",
                    "limit": 1000,
                    "badges": {
                        "is_water": false,
                        "requires_age_check": false
                    },
                    "packaging": "Paquet",
                    "thumbnail": "https://prod-mercadona.imgix.net/20190521/64/44264/vlc1/44264_00_02.jpg?fit=crop&h=206&w=206",
                    "display_name": "Rasqueta vitroceràmiques Bosque Verde",
                    "bunch_selector": false,
                    "price_instructions": {
                        "iva": 21,
                        "is_new": false,
                        "is_pack": false,
                        "pack_size": null,
                        "unit_name": null,
                        "unit_size": 1.0,
                        "bulk_price": "2.20",
                        "unit_price": "2.20",
                        "approx_size": false,
                        "size_format": "ud",
                        "total_units": null,
                        "unit_selector": true,
                        "bunch_selector": false,
                        "drained_weight": null,
                        "price_decreased": false,
                        "reference_price": "2.20",
                        "min_bunch_amount": 0.0,
                        "reference_format": "ud",
                        "increment_bunch_amount": 0.0
                    }
                },
                {
                    "id": "44265",
                    "limit": 1000,
                    "badges": {
                        "is_water": false,
                        "requires_age_check": false
                    },
                    "packaging": "Paquet",
                    "thumbnail": "https://prod-mercadona.imgix.net/20190521/65/44265/vlc1/44265_00_02.jpg?fit=crop&h=206&w=206",
                    "display_name": "Recanvi rasqueta vitroceràmiques Bosque Verde",
                    "bunch_selector": false,
                    "price_instructions": {
                        "iva": 21,
                        "is_new": false,
                        "is_pack": false,
                        "pack_size": null,
                        "unit_name": "u.",
                        "unit_size": 1.0,
                        "bulk_price": "0.26",
                        "unit_price": "1.30",
                        "approx_size": false,
                        "size_format": "ud",
                        "total_units": 5,
                        "unit_selector": true,
                        "bunch_selector": false,
                        "drained_weight": null,
                        "price_decreased": false,
                        "reference_price": "0.26",
                        "min_bunch_amount": 1.0,
                        "reference_format": "ud",
                        "increment_bunch_amount": 1.0
                    }
                },
                {
                    "id": "71027",
                    "limit": 1000,
                    "badges": {
                        "is_water": false,
                        "requires_age_check": false
                    },
                    "packaging": "Paquet",
                    "thumbnail": "https://prod-mercadona.imgix.net/20190521/27/71027/vlc1/71027_00_02.jpg?fit=crop&h=206&w=206",
                    "display_name": "Filtre per a campana extractora Bosque Verde",
                    "bunch_selector": false,
                    "price_instructions": {
                        "iva": 21,
                        "is_new": false,
                        "is_pack": false,
                        "pack_size": null,
                        "unit_name": null,
                        "unit_size": 1.0,
                        "bulk_price": "1.95",
                        "unit_price": "1.95",
                        "approx_size": false,
                        "size_format": "ud",
                        "total_units": null,
                        "unit_selector": true,
                        "bunch_selector": false,
                        "drained_weight": null,
                        "price_decreased": false,
                        "reference_price": "1.95",
                        "min_bunch_amount": 0.0,
                        "reference_format": "ud",
                        "increment_bunch_amount": 0.0
                    }
                }
            ],
            "is_extended": false
        },
        {
            "id": 232,
            "name": "Neteja mobles i multiusos",
            "layout": 1,
            "products": [
                {
                    "id": "44102",
                    "limit": 1000,
                    "badges": {
                        "is_water": false,
                        "requires_age_check": false
                    },
                    "packaging": "Esprai",
                    "thumbnail": "https://prod-mercadona.imgix.net/20190521/02/44102/vlc1/44102_00_02.jpg?fit=crop&h=206&w=206",
                    "display_name": "Netejador mobles clàssic Pronto",
                    "bunch_selector": false,
                    "price_instructions": {
                        "iva": 21,
                        "is_new": false,
                        "is_pack": false,
                        "pack_size": null,
                        "unit_name": null,
                        "unit_size": 0.03,
                        "bulk_price": "9.57",
                        "unit_price": "2.87",
                        "approx_size": false,
                        "size_format": "l",
                        "total_units": null,
                        "unit_selector": true,
                        "bunch_selector": false,
                        "drained_weight": null,
                        "price_decreased": false,
                        "reference_price": "9.57",
                        "min_bunch_amount": 0.0,
                        "reference_format": "L",
                        "increment_bunch_amount": 0.0
                    }
                },
                {
                    "id": "43059",
                    "limit": 1000,
                    "badges": {
                        "is_water": false,
                        "requires_age_check": false
                    },
                    "packaging": "Ampolla",
                    "thumbnail": "https://prod-mercadona.imgix.net/20190521/59/43059/vlc1/43059_00_02.jpg?fit=crop&h=206&w=206",
                    "display_name": "Netejador multiusos Bosque Verde concentrat",
                    "bunch_selector": false,
                    "price_instructions": {
                        "iva": 21,
                        "is_new": false,
                        "is_pack": false,
                        "pack_size": null,
                        "unit_name": null,
                        "unit_size": 0.415,
                        "bulk_price": "3.37",
                        "unit_price": "1.40",
                        "approx_size": false,
                        "size_format": "l",
                        "total_units": null,
                        "unit_selector": true,
                        "bunch_selector": false,
                        "drained_weight": null,
                        "price_decreased": false,
                        "reference_price": "3.37",
                        "min_bunch_amount": 1.0,
                        "reference_format": "L",
                        "increment_bunch_amount": 1.0
                    }
                },
                {
                    "id": "43705",
                    "limit": 1000,
                    "badges": {
                        "is_water": false,
                        "requires_age_check": false
                    },
                    "packaging": "Pot",
                    "thumbnail": "https://prod-mercadona.imgix.net/20190521/05/43705/vlc1/43705_00_02.jpg?fit=crop&h=206&w=206",
                    "display_name": "Cotó màgic Aladdin",
                    "bunch_selector": false,
                    "price_instructions": {
                        "iva": 21,
                        "is_new": false,
                        "is_pack": false,
                        "pack_size": null,
                        "unit_name": null,
                        "unit_size": 0.075,
                        "bulk_price": "31.73",
                        "unit_price": "2.38",
                        "approx_size": false,
                        "size_format": "kg",
                        "total_units": null,
                        "unit_selector": true,
                        "bunch_selector": false,
                        "drained_weight": null,
                        "price_decreased": false,
                        "reference_price": "31.73",
                        "min_bunch_amount": 0.0,
                        "reference_format": "kg",
                        "increment_bunch_amount": 0.0
                    }
                },
                {
                    "id": "43711",
                    "limit": 1000,
                    "badges": {
                        "is_water": false,
                        "requires_age_check": false
                    },
                    "packaging": "Pot",
                    "thumbnail": "https://prod-mercadona.imgix.net/20190521/11/43711/vlc1/43711_00_02.jpg?fit=crop&h=206&w=206",
                    "display_name": "Netejador plata i metalls Bosque Verde en crema",
                    "bunch_selector": false,
                    "price_instructions": {
                        "iva": 21,
                        "is_new": false,
                        "is_pack": false,
                        "pack_size": null,
                        "unit_name": null,
                        "unit_size": 0.25,
                        "bulk_price": "9.20",
                        "unit_price": "2.30",
                        "approx_size": false,
                        "size_format": "l",
                        "total_units": null,
                        "unit_selector": true,
                        "bunch_selector": false,
                        "drained_weight": null,
                        "price_decreased": false,
                        "reference_price": "9.20",
                        "min_bunch_amount": 1.0,
                        "reference_format": "L",
                        "increment_bunch_amount": 1.0
                    }
                },
                {
                    "id": "43861",
                    "limit": 1000,
                    "badges": {
                        "is_water": false,
                        "requires_age_check": false
                    },
                    "packaging": "Ampolla",
                    "thumbnail": "https://prod-mercadona.imgix.net/20190521/61/43861/vlc1/43861_00_02.jpg?fit=crop&h=206&w=206",
                    "display_name": "Alcohol de neteja perfumat Bosque Verde",
                    "bunch_selector": false,
                    "price_instructions": {
                        "iva": 21,
                        "is_new": false,
                        "is_pack": false,
                        "pack_size": null,
                        "unit_name": null,
                        "unit_size": 1.0,
                        "bulk_price": "1.95",
                        "unit_price": "1.95",
                        "approx_size": false,
                        "size_format": "l",
                        "total_units": null,
                        "unit_selector": true,
                        "bunch_selector": false,
                        "drained_weight": null,
                        "price_decreased": false,
                        "reference_price": "1.95",
                        "min_bunch_amount": 1.0,
                        "reference_format": "L",
                        "increment_bunch_amount": 1.0
                    }
                },
                {
                    "id": "43923",
                    "limit": 1000,
                    "badges": {
                        "is_water": false,
                        "requires_age_check": false
                    },
                    "packaging": "Ampolla",
                    "thumbnail": "https://prod-mercadona.imgix.net/20190521/23/43923/vlc1/43923_00_02.jpg?fit=crop&h=206&w=206",
                    "display_name": "Blanquejant de juntes Bosque Verde",
                    "bunch_selector": false,
                    "price_instructions": {
                        "iva": 21,
                        "is_new": false,
                        "is_pack": false,
                        "pack_size": null,
                        "unit_name": null,
                        "unit_size": 0.25,
                        "bulk_price": "7.40",
                        "unit_price": "1.85",
                        "approx_size": false,
                        "size_format": "l",
                        "total_units": null,
                        "unit_selector": true,
                        "bunch_selector": false,
                        "drained_weight": null,
                        "price_decreased": false,
                        "reference_price": "7.40",
                        "min_bunch_amount": 0.0,
                        "reference_format": "L",
                        "increment_bunch_amount": 0.0
                    }
                },
                {
                    "id": "43928",
                    "limit": 1000,
                    "badges": {
                        "is_water": false,
                        "requires_age_check": false
                    },
                    "packaging": "Tub",
                    "thumbnail": "https://prod-mercadona.imgix.net/20190521/28/43928/vlc1/43928_00_02.jpg?fit=crop&h=206&w=206",
                    "display_name": "Renovador de juntes S.P.B.",
                    "bunch_selector": false,
                    "price_instructions": {
                        "iva": 21,
                        "is_new": false,
                        "is_pack": false,
                        "pack_size": null,
                        "unit_name": null,
                        "unit_size": 0.2,
                        "bulk_price": "14.50",
                        "unit_price": "2.90",
                        "approx_size": false,
                        "size_format": "l",
                        "total_units": null,
                        "unit_selector": true,
                        "bunch_selector": false,
                        "drained_weight": null,
                        "price_decreased": false,
                        "reference_price": "14.50",
                        "min_bunch_amount": 0.0,
                        "reference_format": "L",
                        "increment_bunch_amount": 0.0
                    }
                },
                {
                    "id": "43931",
                    "limit": 1000,
                    "badges": {
                        "is_water": false,
                        "requires_age_check": false
                    },
                    "packaging": "Ampolla",
                    "thumbnail": "https://prod-mercadona.imgix.net/20190521/31/43931/vlc1/43931_00_02.jpg?fit=crop&h=206&w=206",
                    "display_name": "Desincrustant de ciments i netejador de juntes Bosque Verde",
                    "bunch_selector": false,
                    "price_instructions": {
                        "iva": 21,
                        "is_new": false,
                        "is_pack": false,
                        "pack_size": null,
                        "unit_name": null,
                        "unit_size": 0.75,
                        "bulk_price": "2.79",
                        "unit_price": "2.09",
                        "approx_size": false,
                        "size_format": "l",
                        "total_units": null,
                        "unit_selector": true,
                        "bunch_selector": false,
                        "drained_weight": null,
                        "price_decreased": false,
                        "reference_price": "2.79",
                        "min_bunch_amount": 0.0,
                        "reference_format": "L",
                        "increment_bunch_amount": 0.0
                    }
                },
                {
                    "id": "44001",
                    "limit": 1000,
                    "badges": {
                        "is_water": false,
                        "requires_age_check": false
                    },
                    "packaging": "Ampolla",
                    "thumbnail": "https://prod-mercadona.imgix.net/20190521/01/44001/vlc1/44001_00_02.jpg?fit=crop&h=206&w=206",
                    "display_name": "Multiusos ph neutre Las 3 Brujas",
                    "bunch_selector": false,
                    "price_instructions": {
                        "iva": 21,
                        "is_new": false,
                        "is_pack": false,
                        "pack_size": null,
                        "unit_name": null,
                        "unit_size": 0.75,
                        "bulk_price": "3.13",
                        "unit_price": "2.35",
                        "approx_size": false,
                        "size_format": "l",
                        "total_units": null,
                        "unit_selector": true,
                        "bunch_selector": false,
                        "drained_weight": null,
                        "price_decreased": false,
                        "reference_price": "3.13",
                        "min_bunch_amount": 0.0,
                        "reference_format": "L",
                        "increment_bunch_amount": 0.0
                    }
                },
                {
                    "id": "44108",
                    "limit": 1000,
                    "badges": {
                        "is_water": false,
                        "requires_age_check": false
                    },
                    "packaging": "Ampolla",
                    "thumbnail": "https://prod-mercadona.imgix.net/20190521/08/44108/vlc1/44108_00_02.jpg?fit=crop&h=206&w=206",
                    "display_name": "Abrillantador mobles amb olis nutrients Bosque Verde",
                    "bunch_selector": false,
                    "price_instructions": {
                        "iva": 21,
                        "is_new": false,
                        "is_pack": false,
                        "pack_size": null,
                        "unit_name": null,
                        "unit_size": 0.5,
                        "bulk_price": "6.60",
                        "unit_price": "3.30",
                        "approx_size": false,
                        "size_format": "l",
                        "total_units": null,
                        "unit_selector": true,
                        "bunch_selector": false,
                        "drained_weight": null,
                        "price_decreased": false,
                        "reference_price": "6.60",
                        "min_bunch_amount": 0.0,
                        "reference_format": "L",
                        "increment_bunch_amount": 0.0
                    }
                },
                {
                    "id": "44110",
                    "limit": 1000,
                    "badges": {
                        "is_water": false,
                        "requires_age_check": false
                    },
                    "packaging": "Ampolla",
                    "thumbnail": "https://prod-mercadona.imgix.net/20190521/10/44110/vlc1/44110_00_02.jpg?fit=crop&h=206&w=206",
                    "display_name": "Netejador mobles sabonós Bosque Verde per a fusta tractada",
                    "bunch_selector": false,
                    "price_instructions": {
                        "iva": 21,
                        "is_new": false,
                        "is_pack": false,
                        "pack_size": null,
                        "unit_name": null,
                        "unit_size": 1.0,
                        "bulk_price": "1.45",
                        "unit_price": "1.45",
                        "approx_size": false,
                        "size_format": "l",
                        "total_units": null,
                        "unit_selector": true,
                        "bunch_selector": false,
                        "drained_weight": null,
                        "price_decreased": false,
                        "reference_price": "1.45",
                        "min_bunch_amount": 0.0,
                        "reference_format": "L",
                        "increment_bunch_amount": 0.0
                    }
                },
                {
                    "id": "44116",
                    "limit": 1000,
                    "badges": {
                        "is_water": false,
                        "requires_age_check": false
                    },
                    "packaging": "Ampolla",
                    "thumbnail": "https://prod-mercadona.imgix.net/20190521/16/44116/vlc1/44116_00_02.jpg?fit=crop&h=206&w=206",
                    "display_name": "Netejador mobles i parquet Bosque Verde",
                    "bunch_selector": false,
                    "price_instructions": {
                        "iva": 21,
                        "is_new": false,
                        "is_pack": false,
                        "pack_size": null,
                        "unit_name": null,
                        "unit_size": 0.75,
                        "bulk_price": "2.60",
                        "unit_price": "1.95",
                        "approx_size": false,
                        "size_format": "l",
                        "total_units": null,
                        "unit_selector": true,
                        "bunch_selector": false,
                        "drained_weight": null,
                        "price_decreased": false,
                        "reference_price": "2.60",
                        "min_bunch_amount": 0.0,
                        "reference_format": "L",
                        "increment_bunch_amount": 0.0
                    }
                },
                {
                    "id": "44125",
                    "limit": 1000,
                    "badges": {
                        "is_water": false,
                        "requires_age_check": false
                    },
                    "packaging": "Esprai",
                    "thumbnail": "https://prod-mercadona.imgix.net/20190521/25/44125/vlc1/44125_00_02.jpg?fit=crop&h=206&w=206",
                    "display_name": "Netejador mobles amb ceres Bosque Verde",
                    "bunch_selector": false,
                    "price_instructions": {
                        "iva": 21,
                        "is_new": false,
                        "is_pack": false,
                        "pack_size": null,
                        "unit_name": null,
                        "unit_size": 0.4,
                        "bulk_price": "3.12",
                        "unit_price": "1.25",
                        "approx_size": false,
                        "size_format": "l",
                        "total_units": null,
                        "unit_selector": true,
                        "bunch_selector": false,
                        "drained_weight": null,
                        "price_decreased": false,
                        "reference_price": "3.12",
                        "min_bunch_amount": 0.0,
                        "reference_format": "L",
                        "increment_bunch_amount": 0.0
                    }
                },
                {
                    "id": "44127",
                    "limit": 1000,
                    "badges": {
                        "is_water": false,
                        "requires_age_check": false
                    },
                    "packaging": "Paquet",
                    "thumbnail": "https://prod-mercadona.imgix.net/20190521/27/44127/vlc1/44127_00_02.jpg?fit=crop&h=206&w=206",
                    "display_name": "Tovalloletes netejadores de mobles Bosque Verde",
                    "bunch_selector": false,
                    "price_instructions": {
                        "iva": 21,
                        "is_new": false,
                        "is_pack": false,
                        "pack_size": null,
                        "unit_name": null,
                        "unit_size": 30.0,
                        "bulk_price": "0.04",
                        "unit_price": "1.35",
                        "approx_size": false,
                        "size_format": "ud",
                        "total_units": null,
                        "unit_selector": true,
                        "bunch_selector": false,
                        "drained_weight": null,
                        "price_decreased": false,
                        "reference_price": "0.045",
                        "min_bunch_amount": 1.0,
                        "reference_format": "ud",
                        "increment_bunch_amount": 1.0
                    }
                },
                {
                    "id": "44225",
                    "limit": 1000,
                    "badges": {
                        "is_water": false,
                        "requires_age_check": false
                    },
                    "packaging": "Pot",
                    "thumbnail": "https://prod-mercadona.imgix.net/20190521/25/44225/vlc1/44225_00_02.jpg?fit=crop&h=206&w=206",
                    "display_name": "Reparador mobles Moblysol",
                    "bunch_selector": false,
                    "price_instructions": {
                        "iva": 21,
                        "is_new": false,
                        "is_pack": false,
                        "pack_size": null,
                        "unit_name": null,
                        "unit_size": 0.125,
                        "bulk_price": "23.60",
                        "unit_price": "2.95",
                        "approx_size": false,
                        "size_format": "l",
                        "total_units": null,
                        "unit_selector": true,
                        "bunch_selector": false,
                        "drained_weight": null,
                        "price_decreased": false,
                        "reference_price": "23.60",
                        "min_bunch_amount": 1.0,
                        "reference_format": "L",
                        "increment_bunch_amount": 1.0
                    }
                },
                {
                    "id": "44303",
                    "limit": 1000,
                    "badges": {
                        "is_water": false,
                        "requires_age_check": false
                    },
                    "packaging": "Ampolla",
                    "thumbnail": "https://prod-mercadona.imgix.net/20190521/03/44303/vlc1/44303_00_02.jpg?fit=crop&h=206&w=206",
                    "display_name": "Netejador de tapisseries i catifes amb escuma activa Bosque Verde",
                    "bunch_selector": false,
                    "price_instructions": {
                        "iva": 21,
                        "is_new": false,
                        "is_pack": false,
                        "pack_size": null,
                        "unit_name": null,
                        "unit_size": 0.75,
                        "bulk_price": "2.11",
                        "unit_price": "1.58",
                        "approx_size": false,
                        "size_format": "l",
                        "total_units": null,
                        "unit_selector": true,
                        "bunch_selector": false,
                        "drained_weight": null,
                        "price_decreased": false,
                        "reference_price": "2.11",
                        "min_bunch_amount": 0.0,
                        "reference_format": "L",
                        "increment_bunch_amount": 0.0
                    }
                },
                {
                    "id": "44311",
                    "limit": 1000,
                    "badges": {
                        "is_water": false,
                        "requires_age_check": false
                    },
                    "packaging": "Esprai",
                    "thumbnail": "https://prod-mercadona.imgix.net/20190521/11/44311/vlc1/44311_00_02.jpg?fit=crop&h=206&w=206",
                    "display_name": "Netejador de tapisseries escuma seca Bosque Verde",
                    "bunch_selector": false,
                    "price_instructions": {
                        "iva": 21,
                        "is_new": false,
                        "is_pack": false,
                        "pack_size": null,
                        "unit_name": null,
                        "unit_size": 0.5,
                        "bulk_price": "4.10",
                        "unit_price": "2.05",
                        "approx_size": false,
                        "size_format": "l",
                        "total_units": null,
                        "unit_selector": true,
                        "bunch_selector": false,
                        "drained_weight": null,
                        "price_decreased": false,
                        "reference_price": "4.10",
                        "min_bunch_amount": 0.0,
                        "reference_format": "L",
                        "increment_bunch_amount": 0.0
                    }
                },
                {
                    "id": "44314",
                    "limit": 1000,
                    "badges": {
                        "is_water": false,
                        "requires_age_check": false
                    },
                    "packaging": "Paquet",
                    "thumbnail": "https://prod-mercadona.imgix.net/20190521/14/44314/vlc1/44314_00_02.jpg?fit=crop&h=206&w=206",
                    "display_name": "Tovalloletes netejadores de cuir Bosque Verde",
                    "bunch_selector": false,
                    "price_instructions": {
                        "iva": 21,
                        "is_new": false,
                        "is_pack": false,
                        "pack_size": null,
                        "unit_name": null,
                        "unit_size": 30.0,
                        "bulk_price": "0.04",
                        "unit_price": "1.35",
                        "approx_size": false,
                        "size_format": "ud",
                        "total_units": null,
                        "unit_selector": true,
                        "bunch_selector": false,
                        "drained_weight": null,
                        "price_decreased": false,
                        "reference_price": "0.045",
                        "min_bunch_amount": 1.0,
                        "reference_format": "ud",
                        "increment_bunch_amount": 1.0
                    }
                },
                {
                    "id": "44113",
                    "limit": 1000,
                    "badges": {
                        "is_water": false,
                        "requires_age_check": false
                    },
                    "packaging": "Esprai",
                    "thumbnail": "https://prod-mercadona.imgix.net/20190521/13/44113/vlc1/44113_00_02.jpg?fit=crop&h=206&w=206",
                    "display_name": "Abrillantador multiusos Bosque Verde",
                    "bunch_selector": false,
                    "price_instructions": {
                        "iva": 21,
                        "is_new": false,
                        "is_pack": false,
                        "pack_size": null,
                        "unit_name": null,
                        "unit_size": 0.5,
                        "bulk_price": "2.98",
                        "unit_price": "1.49",
                        "approx_size": false,
                        "size_format": "l",
                        "total_units": null,
                        "unit_selector": true,
                        "bunch_selector": false,
                        "drained_weight": null,
                        "price_decreased": false,
                        "reference_price": "2.98",
                        "min_bunch_amount": 0.0,
                        "reference_format": "L",
                        "increment_bunch_amount": 0.0
                    }
                },
                {
                    "id": "44115",
                    "limit": 1000,
                    "badges": {
                        "is_water": false,
                        "requires_age_check": false
                    },
                    "packaging": "Esprai",
                    "thumbnail": "https://prod-mercadona.imgix.net/20190521/15/44115/vlc1/44115_00_02.jpg?fit=crop&h=206&w=206",
                    "display_name": "Netejador de pantalles Bosque Verde",
                    "bunch_selector": false,
                    "price_instructions": {
                        "iva": 21,
                        "is_new": false,
                        "is_pack": false,
                        "pack_size": null,
                        "unit_name": null,
                        "unit_size": 0.14,
                        "bulk_price": "20.71",
                        "unit_price": "2.90",
                        "approx_size": false,
                        "size_format": "l",
                        "total_units": null,
                        "unit_selector": true,
                        "bunch_selector": false,
                        "drained_weight": null,
                        "price_decreased": false,
                        "reference_price": "20.71",
                        "min_bunch_amount": 0.0,
                        "reference_format": "L",
                        "increment_bunch_amount": 0.0
                    }
                },
                {
                    "id": "44138",
                    "limit": 1000,
                    "badges": {
                        "is_water": false,
                        "requires_age_check": false
                    },
                    "packaging": "Ampolla",
                    "thumbnail": "https://prod-mercadona.imgix.net/20190521/38/44138/vlc1/44138_00_02.jpg?fit=crop&h=206&w=206",
                    "display_name": "Multiusos perfumat Bosque Verde",
                    "bunch_selector": false,
                    "price_instructions": {
                        "iva": 21,
                        "is_new": false,
                        "is_pack": false,
                        "pack_size": null,
                        "unit_name": null,
                        "unit_size": 1.0,
                        "bulk_price": "1.60",
                        "unit_price": "1.60",
                        "approx_size": false,
                        "size_format": "l",
                        "total_units": null,
                        "unit_selector": true,
                        "bunch_selector": false,
                        "drained_weight": null,
                        "price_decreased": false,
                        "reference_price": "1.60",
                        "min_bunch_amount": 0.0,
                        "reference_format": "L",
                        "increment_bunch_amount": 0.0
                    }
                },
                {
                    "id": "44304",
                    "limit": 1000,
                    "badges": {
                        "is_water": false,
                        "requires_age_check": false
                    },
                    "packaging": "Ampolla",
                    "thumbnail": "https://prod-mercadona.imgix.net/20190521/04/44304/vlc1/44304_00_02.jpg?fit=crop&h=206&w=206",
                    "display_name": "Netejador de tiràs Bosque Verde",
                    "bunch_selector": false,
                    "price_instructions": {
                        "iva": 21,
                        "is_new": false,
                        "is_pack": false,
                        "pack_size": null,
                        "unit_name": null,
                        "unit_size": 0.75,
                        "bulk_price": "3.60",
                        "unit_price": "2.70",
                        "approx_size": false,
                        "size_format": "l",
                        "total_units": null,
                        "unit_selector": true,
                        "bunch_selector": false,
                        "drained_weight": null,
                        "price_decreased": false,
                        "reference_price": "3.60",
                        "min_bunch_amount": 0.0,
                        "reference_format": "L",
                        "increment_bunch_amount": 0.0
                    }
                },
                {
                    "id": "44310",
                    "limit": 1000,
                    "badges": {
                        "is_water": false,
                        "requires_age_check": false
                    },
                    "packaging": "Esprai",
                    "thumbnail": "https://prod-mercadona.imgix.net/20190521/10/44310/vlc1/44310_00_02.jpg?fit=crop&h=206&w=206",
                    "display_name": "Netejador de tiràs Bosque Verde",
                    "bunch_selector": false,
                    "price_instructions": {
                        "iva": 21,
                        "is_new": false,
                        "is_pack": false,
                        "pack_size": null,
                        "unit_name": null,
                        "unit_size": 0.75,
                        "bulk_price": "3.73",
                        "unit_price": "2.80",
                        "approx_size": false,
                        "size_format": "l",
                        "total_units": null,
                        "unit_selector": true,
                        "bunch_selector": false,
                        "drained_weight": null,
                        "price_decreased": false,
                        "reference_price": "3.73",
                        "min_bunch_amount": 0.0,
                        "reference_format": "L",
                        "increment_bunch_amount": 0.0
                    }
                },
                {
                    "id": "49402",
                    "limit": 1000,
                    "badges": {
                        "is_water": false,
                        "requires_age_check": false
                    },
                    "packaging": "Ampolla",
                    "thumbnail": "https://prod-mercadona.imgix.net/20190521/02/49402/vlc1/49402_00_02.jpg?fit=crop&h=206&w=206",
                    "display_name": "Vinagre de neteja Bosque Verde concentrat",
                    "bunch_selector": false,
                    "price_instructions": {
                        "iva": 21,
                        "is_new": false,
                        "is_pack": false,
                        "pack_size": null,
                        "unit_name": null,
                        "unit_size": 1.0,
                        "bulk_price": "0.80",
                        "unit_price": "0.80",
                        "approx_size": false,
                        "size_format": "l",
                        "total_units": null,
                        "unit_selector": true,
                        "bunch_selector": false,
                        "drained_weight": null,
                        "price_decreased": false,
                        "reference_price": "0.80",
                        "min_bunch_amount": 0.0,
                        "reference_format": "L",
                        "increment_bunch_amount": 0.0
                    }
                },
                {
                    "id": "90404",
                    "limit": 1000,
                    "badges": {
                        "is_water": false,
                        "requires_age_check": false
                    },
                    "packaging": "Esprai",
                    "thumbnail": "https://prod-mercadona.imgix.net/20190521/04/90404/vlc1/90404_00_02.jpg?fit=crop&h=206&w=206",
                    "display_name": "Oli multiusos Bosque Verde",
                    "bunch_selector": false,
                    "price_instructions": {
                        "iva": 21,
                        "is_new": false,
                        "is_pack": false,
                        "pack_size": null,
                        "unit_name": null,
                        "unit_size": 0.2,
                        "bulk_price": "9.75",
                        "unit_price": "1.95",
                        "approx_size": false,
                        "size_format": "l",
                        "total_units": null,
                        "unit_selector": true,
                        "bunch_selector": false,
                        "drained_weight": null,
                        "price_decreased": false,
                        "reference_price": "9.75",
                        "min_bunch_amount": 1.0,
                        "reference_format": "L",
                        "increment_bunch_amount": 1.0
                    }
                },
                {
                    "id": "90539",
                    "limit": 1000,
                    "badges": {
                        "is_water": false,
                        "requires_age_check": false
                    },
                    "packaging": "Esprai",
                    "thumbnail": "https://prod-mercadona.imgix.net/20190521/39/90539/vlc1/90539_00_02.jpg?fit=crop&h=206&w=206",
                    "display_name": "Netejador de davantals  Bosque Verde",
                    "bunch_selector": false,
                    "price_instructions": {
                        "iva": 21,
                        "is_new": false,
                        "is_pack": false,
                        "pack_size": null,
                        "unit_name": null,
                        "unit_size": 0.2,
                        "bulk_price": "7.50",
                        "unit_price": "1.50",
                        "approx_size": false,
                        "size_format": "l",
                        "total_units": null,
                        "unit_selector": true,
                        "bunch_selector": false,
                        "drained_weight": null,
                        "price_decreased": false,
                        "reference_price": "7.50",
                        "min_bunch_amount": 0.0,
                        "reference_format": "L",
                        "increment_bunch_amount": 0.0
                    }
                },
                {
                    "id": "44019",
                    "limit": 1000,
                    "badges": {
                        "is_water": false,
                        "requires_age_check": false
                    },
                    "packaging": "Ampolla",
                    "thumbnail": "https://prod-mercadona.imgix.net/20190521/19/44019/vlc1/44019_00_02.jpg?fit=crop&h=206&w=206",
                    "display_name": "Multiusos desinfectant antibacteris Bosque Verde",
                    "bunch_selector": false,
                    "price_instructions": {
                        "iva": 21,
                        "is_new": false,
                        "is_pack": false,
                        "pack_size": null,
                        "unit_name": null,
                        "unit_size": 0.75,
                        "bulk_price": "2.60",
                        "unit_price": "1.95",
                        "approx_size": false,
                        "size_format": "l",
                        "total_units": null,
                        "unit_selector": true,
                        "bunch_selector": false,
                        "drained_weight": null,
                        "price_decreased": false,
                        "reference_price": "2.60",
                        "min_bunch_amount": 1.0,
                        "reference_format": "L",
                        "increment_bunch_amount": 1.0
                    }
                }
            ],
            "is_extended": false
        },
        {
            "id": 229,
            "name": "Neteja vaixella",
            "layout": 1,
            "products": [
                {
                    "id": "43058",
                    "limit": 1000,
                    "badges": {
                        "is_water": false,
                        "requires_age_check": false
                    },
                    "packaging": "Paquet",
                    "thumbnail": "https://prod-mercadona.imgix.net/20190521/58/43058/vlc1/43058_00_02.jpg?fit=crop&h=206&w=206",
                    "display_name": "Ambientador rentaplats llimona Bosque Verde",
                    "bunch_selector": false,
                    "price_instructions": {
                        "iva": 21,
                        "is_new": false,
                        "is_pack": false,
                        "pack_size": null,
                        "unit_name": "recanvis",
                        "unit_size": 1.0,
                        "bulk_price": "1.50",
                        "unit_price": "1.50",
                        "approx_size": false,
                        "size_format": "ud",
                        "total_units": 2,
                        "unit_selector": true,
                        "bunch_selector": false,
                        "drained_weight": null,
                        "price_decreased": false,
                        "reference_price": "1.50",
                        "min_bunch_amount": 1.0,
                        "reference_format": "ud",
                        "increment_bunch_amount": 1.0
                    }
                },
                {
                    "id": "42496",
                    "limit": 1000,
                    "badges": {
                        "is_water": false,
                        "requires_age_check": false
                    },
                    "packaging": "Ampolla",
                    "thumbnail": "https://prod-mercadona.imgix.net/20190521/96/42496/vlc1/42496_00_02.jpg?fit=crop&h=206&w=206",
                    "display_name": "Sabó de rentar plats a mà Bosque Verde",
                    "bunch_selector": false,
                    "price_instructions": {
                        "iva": 21,
                        "is_new": false,
                        "is_pack": false,
                        "pack_size": null,
                        "unit_name": null,
                        "unit_size": 3.0,
                        "bulk_price": "0.66",
                        "unit_price": "1.99",
                        "approx_size": false,
                        "size_format": "l",
                        "total_units": null,
                        "unit_selector": true,
                        "bunch_selector": false,
                        "drained_weight": null,
                        "price_decreased": false,
                        "reference_price": "0.66",
                        "min_bunch_amount": 1.0,
                        "reference_format": "L",
                        "increment_bunch_amount": 1.0
                    }
                },
                {
                    "id": "42495",
                    "limit": 1000,
                    "badges": {
                        "is_water": false,
                        "requires_age_check": false
                    },
                    "packaging": "Ampolla",
                    "thumbnail": "https://prod-mercadona.imgix.net/20190521/95/42495/vlc1/42495_00_02.jpg?fit=crop&h=206&w=206",
                    "display_name": "Sabó de rentar plats a mà Bosque Verde",
                    "bunch_selector": false,
                    "price_instructions": {
                        "iva": 21,
                        "is_new": false,
                        "is_pack": false,
                        "pack_size": null,
                        "unit_name": null,
                        "unit_size": 1.3,
                        "bulk_price": "0.68",
                        "unit_price": "0.89",
                        "approx_size": false,
                        "size_format": "l",
                        "total_units": null,
                        "unit_selector": true,
                        "bunch_selector": false,
                        "drained_weight": null,
                        "price_decreased": false,
                        "reference_price": "0.68",
                        "min_bunch_amount": 1.0,
                        "reference_format": "L",
                        "increment_bunch_amount": 1.0
                    }
                },
                {
                    "id": "40035",
                    "limit": 1000,
                    "badges": {
                        "is_water": false,
                        "requires_age_check": false
                    },
                    "packaging": "Ampolla",
                    "thumbnail": "https://prod-mercadona.imgix.net/20190521/35/40035/vlc1/40035_00_02.jpg?fit=crop&h=206&w=206",
                    "display_name": "Sabó de rentar plats llimona Bosque Verde",
                    "bunch_selector": false,
                    "price_instructions": {
                        "iva": 21,
                        "is_new": false,
                        "is_pack": false,
                        "pack_size": null,
                        "unit_name": null,
                        "unit_size": 1.0,
                        "bulk_price": "1.30",
                        "unit_price": "1.30",
                        "approx_size": false,
                        "size_format": "l",
                        "total_units": null,
                        "unit_selector": true,
                        "bunch_selector": false,
                        "drained_weight": null,
                        "price_decreased": false,
                        "reference_price": "1.30",
                        "min_bunch_amount": 0.0,
                        "reference_format": "L",
                        "increment_bunch_amount": 0.0
                    }
                },
                {
                    "id": "41312",
                    "limit": 1000,
                    "badges": {
                        "is_water": false,
                        "requires_age_check": false
                    },
                    "packaging": "Paquet",
                    "thumbnail": "https://prod-mercadona.imgix.net/20190521/12/41312/vlc1/41312_00_02.jpg?fit=crop&h=206&w=206",
                    "display_name": "Sabó de rentaplats quantum Finish en pastilles",
                    "bunch_selector": false,
                    "price_instructions": {
                        "iva": 21,
                        "is_new": false,
                        "is_pack": false,
                        "pack_size": null,
                        "unit_name": null,
                        "unit_size": 25.0,
                        "bulk_price": "0.24",
                        "unit_price": "5.95",
                        "approx_size": false,
                        "size_format": "ud",
                        "total_units": null,
                        "unit_selector": true,
                        "bunch_selector": false,
                        "drained_weight": null,
                        "price_decreased": false,
                        "reference_price": "0.24",
                        "min_bunch_amount": 1.0,
                        "reference_format": "ud",
                        "increment_bunch_amount": 1.0
                    }
                },
                {
                    "id": "42029",
                    "limit": 1000,
                    "badges": {
                        "is_water": false,
                        "requires_age_check": false
                    },
                    "packaging": "Ampolla",
                    "thumbnail": "https://prod-mercadona.imgix.net/20190521/29/42029/vlc1/42029_00_02.jpg?fit=crop&h=206&w=206",
                    "display_name": "Sabó de rentar plats ultraconcentrat Bosque Verde",
                    "bunch_selector": false,
                    "price_instructions": {
                        "iva": 21,
                        "is_new": false,
                        "is_pack": false,
                        "pack_size": null,
                        "unit_name": null,
                        "unit_size": 0.6,
                        "bulk_price": "1.65",
                        "unit_price": "0.99",
                        "approx_size": false,
                        "size_format": "l",
                        "total_units": null,
                        "unit_selector": true,
                        "bunch_selector": false,
                        "drained_weight": null,
                        "price_decreased": false,
                        "reference_price": "1.65",
                        "min_bunch_amount": 1.0,
                        "reference_format": "L",
                        "increment_bunch_amount": 1.0
                    }
                },
                {
                    "id": "42009",
                    "limit": 1000,
                    "badges": {
                        "is_water": false,
                        "requires_age_check": false
                    },
                    "packaging": "Ampolla",
                    "thumbnail": "https://prod-mercadona.imgix.net/20190521/09/42009/vlc1/42009_00_02.jpg?fit=crop&h=206&w=206",
                    "display_name": "Sabó de rentar plats àloe Bosque Verde concentrat",
                    "bunch_selector": false,
                    "price_instructions": {
                        "iva": 21,
                        "is_new": false,
                        "is_pack": false,
                        "pack_size": null,
                        "unit_name": null,
                        "unit_size": 1.0,
                        "bulk_price": "1.55",
                        "unit_price": "1.55",
                        "approx_size": false,
                        "size_format": "l",
                        "total_units": null,
                        "unit_selector": true,
                        "bunch_selector": false,
                        "drained_weight": null,
                        "price_decreased": false,
                        "reference_price": "1.55",
                        "min_bunch_amount": 0.0,
                        "reference_format": "L",
                        "increment_bunch_amount": 0.0
                    }
                },
                {
                    "id": "42130",
                    "limit": 1000,
                    "badges": {
                        "is_water": false,
                        "requires_age_check": false
                    },
                    "packaging": "Ampolla",
                    "thumbnail": "https://prod-mercadona.imgix.net/20190521/30/42130/vlc1/42130_00_02.jpg?fit=crop&h=206&w=206",
                    "display_name": "Sabó de rentar plats àloe i cogombre Fairy líquid",
                    "bunch_selector": false,
                    "price_instructions": {
                        "iva": 21,
                        "is_new": false,
                        "is_pack": false,
                        "pack_size": null,
                        "unit_name": null,
                        "unit_size": 0.52,
                        "bulk_price": "3.56",
                        "unit_price": "1.85",
                        "approx_size": false,
                        "size_format": "l",
                        "total_units": null,
                        "unit_selector": true,
                        "bunch_selector": false,
                        "drained_weight": null,
                        "price_decreased": false,
                        "reference_price": "3.56",
                        "min_bunch_amount": 0.0,
                        "reference_format": "L",
                        "increment_bunch_amount": 0.0
                    }
                },
                {
                    "id": "42104",
                    "limit": 1000,
                    "badges": {
                        "is_water": false,
                        "requires_age_check": false
                    },
                    "packaging": "Ampolla",
                    "thumbnail": "https://prod-mercadona.imgix.net/20190521/04/42104/vlc1/42104_00_02.jpg?fit=crop&h=206&w=206",
                    "display_name": "Netejador de olles i cassoles Bosque Verde",
                    "bunch_selector": false,
                    "price_instructions": {
                        "iva": 21,
                        "is_new": false,
                        "is_pack": false,
                        "pack_size": null,
                        "unit_name": null,
                        "unit_size": 0.5,
                        "bulk_price": "3.00",
                        "unit_price": "1.50",
                        "approx_size": false,
                        "size_format": "l",
                        "total_units": null,
                        "unit_selector": true,
                        "bunch_selector": false,
                        "drained_weight": null,
                        "price_decreased": false,
                        "reference_price": "3.00",
                        "min_bunch_amount": 1.0,
                        "reference_format": "L",
                        "increment_bunch_amount": 1.0
                    }
                },
                {
                    "id": "42170",
                    "limit": 1000,
                    "badges": {
                        "is_water": false,
                        "requires_age_check": false
                    },
                    "packaging": "Ampolla",
                    "thumbnail": "https://prod-mercadona.imgix.net/20190521/70/42170/vlc1/42170_00_02.jpg?fit=crop&h=206&w=206",
                    "display_name": "Netejador desgreixador S.P.B. en pols",
                    "bunch_selector": false,
                    "price_instructions": {
                        "iva": 21,
                        "is_new": false,
                        "is_pack": false,
                        "pack_size": null,
                        "unit_name": null,
                        "unit_size": 1.0,
                        "bulk_price": "1.20",
                        "unit_price": "1.20",
                        "approx_size": false,
                        "size_format": "kg",
                        "total_units": null,
                        "unit_selector": true,
                        "bunch_selector": false,
                        "drained_weight": null,
                        "price_decreased": false,
                        "reference_price": "1.20",
                        "min_bunch_amount": 1.0,
                        "reference_format": "kg",
                        "increment_bunch_amount": 1.0
                    }
                },
                {
                    "id": "42062",
                    "limit": 1000,
                    "badges": {
                        "is_water": false,
                        "requires_age_check": false
                    },
                    "packaging": "Ampolla",
                    "thumbnail": "https://prod-mercadona.imgix.net/20190521/62/42062/vlc1/42062_00_02.jpg?fit=crop&h=206&w=206",
                    "display_name": "Sabó de rentar plats ultraconcentrat Bosque Verde",
                    "bunch_selector": false,
                    "price_instructions": {
                        "iva": 21,
                        "is_new": false,
                        "is_pack": false,
                        "pack_size": null,
                        "unit_name": null,
                        "unit_size": 1.3,
                        "bulk_price": "1.42",
                        "unit_price": "1.85",
                        "approx_size": false,
                        "size_format": "l",
                        "total_units": null,
                        "unit_selector": true,
                        "bunch_selector": false,
                        "drained_weight": null,
                        "price_decreased": false,
                        "reference_price": "1.42",
                        "min_bunch_amount": 1.0,
                        "reference_format": "L",
                        "increment_bunch_amount": 1.0
                    }
                },
                {
                    "id": "42135",
                    "limit": 1000,
                    "badges": {
                        "is_water": false,
                        "requires_age_check": false
                    },
                    "packaging": "Ampolla",
                    "thumbnail": "https://prod-mercadona.imgix.net/20190521/35/42135/vlc1/42135_00_02.jpg?fit=crop&h=206&w=206",
                    "display_name": "Sabó de rentar plats ultra original Fairy líquid",
                    "bunch_selector": false,
                    "price_instructions": {
                        "iva": 21,
                        "is_new": false,
                        "is_pack": false,
                        "pack_size": null,
                        "unit_name": null,
                        "unit_size": 0.9,
                        "bulk_price": "3.11",
                        "unit_price": "2.80",
                        "approx_size": false,
                        "size_format": "l",
                        "total_units": null,
                        "unit_selector": true,
                        "bunch_selector": false,
                        "drained_weight": null,
                        "price_decreased": false,
                        "reference_price": "3.11",
                        "min_bunch_amount": 0.0,
                        "reference_format": "L",
                        "increment_bunch_amount": 0.0
                    }
                },
                {
                    "id": "41311",
                    "limit": 1000,
                    "badges": {
                        "is_water": false,
                        "requires_age_check": false
                    },
                    "packaging": "Capsa",
                    "thumbnail": "https://prod-mercadona.imgix.net/20190521/11/41311/vlc1/41311_00_02.jpg?fit=crop&h=206&w=206",
                    "display_name": "Sabó de rentaplats clàssic Finish en pastilles",
                    "bunch_selector": false,
                    "price_instructions": {
                        "iva": 21,
                        "is_new": false,
                        "is_pack": false,
                        "pack_size": null,
                        "unit_name": null,
                        "unit_size": 30.0,
                        "bulk_price": "0.13",
                        "unit_price": "3.79",
                        "approx_size": false,
                        "size_format": "ud",
                        "total_units": null,
                        "unit_selector": true,
                        "bunch_selector": false,
                        "drained_weight": null,
                        "price_decreased": false,
                        "reference_price": "0.13",
                        "min_bunch_amount": 1.0,
                        "reference_format": "ud",
                        "increment_bunch_amount": 1.0
                    }
                },
                {
                    "id": "41462",
                    "limit": 1000,
                    "badges": {
                        "is_water": false,
                        "requires_age_check": false
                    },
                    "packaging": "Paquet",
                    "thumbnail": "https://prod-mercadona.imgix.net/20190521/62/41462/vlc1/41462_00_02.jpg?fit=crop&h=206&w=206",
                    "display_name": "Sal rentaplats Bosque Verde en gra",
                    "bunch_selector": false,
                    "price_instructions": {
                        "iva": 21,
                        "is_new": false,
                        "is_pack": false,
                        "pack_size": null,
                        "unit_name": null,
                        "unit_size": 3.0,
                        "bulk_price": "0.35",
                        "unit_price": "1.04",
                        "approx_size": false,
                        "size_format": "kg",
                        "total_units": null,
                        "unit_selector": true,
                        "bunch_selector": false,
                        "drained_weight": null,
                        "price_decreased": false,
                        "reference_price": "0.35",
                        "min_bunch_amount": 1.0,
                        "reference_format": "kg",
                        "increment_bunch_amount": 1.0
                    }
                },
                {
                    "id": "41463",
                    "limit": 1000,
                    "badges": {
                        "is_water": false,
                        "requires_age_check": false
                    },
                    "packaging": "Paquet",
                    "thumbnail": "https://prod-mercadona.imgix.net/20190521/63/41463/vlc1/41463_00_02.jpg?fit=crop&h=206&w=206",
                    "display_name": "Sal rentaplats Bosque Verde en pastilles",
                    "bunch_selector": false,
                    "price_instructions": {
                        "iva": 21,
                        "is_new": false,
                        "is_pack": false,
                        "pack_size": null,
                        "unit_name": null,
                        "unit_size": 2.0,
                        "bulk_price": "0.70",
                        "unit_price": "1.40",
                        "approx_size": false,
                        "size_format": "kg",
                        "total_units": null,
                        "unit_selector": true,
                        "bunch_selector": false,
                        "drained_weight": null,
                        "price_decreased": false,
                        "reference_price": "0.70",
                        "min_bunch_amount": 1.0,
                        "reference_format": "kg",
                        "increment_bunch_amount": 1.0
                    }
                },
                {
                    "id": "42186",
                    "limit": 1000,
                    "badges": {
                        "is_water": false,
                        "requires_age_check": false
                    },
                    "packaging": "Paquet",
                    "thumbnail": "https://prod-mercadona.imgix.net/20190521/86/42186/vlc1/42186_00_02.jpg?fit=crop&h=206&w=206",
                    "display_name": "Sabó de rentaplats tot en 1 Fairy en pastilles",
                    "bunch_selector": false,
                    "price_instructions": {
                        "iva": 21,
                        "is_new": false,
                        "is_pack": false,
                        "pack_size": null,
                        "unit_name": null,
                        "unit_size": 25.0,
                        "bulk_price": "0.18",
                        "unit_price": "4.50",
                        "approx_size": false,
                        "size_format": "ud",
                        "total_units": null,
                        "unit_selector": true,
                        "bunch_selector": false,
                        "drained_weight": null,
                        "price_decreased": false,
                        "reference_price": "0.18",
                        "min_bunch_amount": 1.0,
                        "reference_format": "ud",
                        "increment_bunch_amount": 1.0
                    }
                },
                {
                    "id": "42187",
                    "limit": 1000,
                    "badges": {
                        "is_water": false,
                        "requires_age_check": false
                    },
                    "packaging": "Paquet",
                    "thumbnail": "https://prod-mercadona.imgix.net/20190521/87/42187/vlc1/42187_00_02.jpg?fit=crop&h=206&w=206",
                    "display_name": "Sabó de rentaplats tot en 1 Bosque Verde en pastilles",
                    "bunch_selector": false,
                    "price_instructions": {
                        "iva": 21,
                        "is_new": false,
                        "is_pack": false,
                        "pack_size": null,
                        "unit_name": null,
                        "unit_size": 26.0,
                        "bulk_price": "0.10",
                        "unit_price": "2.70",
                        "approx_size": false,
                        "size_format": "ud",
                        "total_units": null,
                        "unit_selector": true,
                        "bunch_selector": false,
                        "drained_weight": null,
                        "price_decreased": false,
                        "reference_price": "0.10",
                        "min_bunch_amount": 1.0,
                        "reference_format": "lv",
                        "increment_bunch_amount": 1.0
                    }
                },
                {
                    "id": "42371",
                    "limit": 1000,
                    "badges": {
                        "is_water": false,
                        "requires_age_check": false
                    },
                    "packaging": "Ampolla",
                    "thumbnail": "https://prod-mercadona.imgix.net/20190521/71/42371/vlc1/42371_00_02.jpg?fit=crop&h=206&w=206",
                    "display_name": "Netejamàquines rentaplats Finish líquid",
                    "bunch_selector": false,
                    "price_instructions": {
                        "iva": 21,
                        "is_new": false,
                        "is_pack": false,
                        "pack_size": null,
                        "unit_name": null,
                        "unit_size": 0.25,
                        "bulk_price": "13.68",
                        "unit_price": "3.42",
                        "approx_size": false,
                        "size_format": "l",
                        "total_units": null,
                        "unit_selector": true,
                        "bunch_selector": false,
                        "drained_weight": null,
                        "price_decreased": false,
                        "reference_price": "13.68",
                        "min_bunch_amount": 1.0,
                        "reference_format": "L",
                        "increment_bunch_amount": 1.0
                    }
                },
                {
                    "id": "42301",
                    "limit": 1000,
                    "badges": {
                        "is_water": false,
                        "requires_age_check": false
                    },
                    "packaging": "Ampolla",
                    "thumbnail": "https://prod-mercadona.imgix.net/20190521/01/42301/vlc1/42301_00_02.jpg?fit=crop&h=206&w=206",
                    "display_name": "Abrillantador rentaplats Finish líquid",
                    "bunch_selector": false,
                    "price_instructions": {
                        "iva": 21,
                        "is_new": false,
                        "is_pack": false,
                        "pack_size": null,
                        "unit_name": null,
                        "unit_size": 0.5,
                        "bulk_price": "8.90",
                        "unit_price": "4.45",
                        "approx_size": false,
                        "size_format": "l",
                        "total_units": null,
                        "unit_selector": true,
                        "bunch_selector": false,
                        "drained_weight": null,
                        "price_decreased": false,
                        "reference_price": "8.90",
                        "min_bunch_amount": 1.0,
                        "reference_format": "L",
                        "increment_bunch_amount": 1.0
                    }
                },
                {
                    "id": "42300",
                    "limit": 1000,
                    "badges": {
                        "is_water": false,
                        "requires_age_check": false
                    },
                    "packaging": "Capsa",
                    "thumbnail": "https://prod-mercadona.imgix.net/20190521/00/42300/vlc1/42300_00_02.jpg?fit=crop&h=206&w=206",
                    "display_name": "Sabó de rentaplats clàssic Bosque Verde en pastilles",
                    "bunch_selector": false,
                    "price_instructions": {
                        "iva": 21,
                        "is_new": false,
                        "is_pack": false,
                        "pack_size": null,
                        "unit_name": null,
                        "unit_size": 50.0,
                        "bulk_price": "0.06",
                        "unit_price": "3.15",
                        "approx_size": false,
                        "size_format": "ud",
                        "total_units": null,
                        "unit_selector": true,
                        "bunch_selector": false,
                        "drained_weight": null,
                        "price_decreased": false,
                        "reference_price": "0.063",
                        "min_bunch_amount": 1.0,
                        "reference_format": "lv",
                        "increment_bunch_amount": 1.0
                    }
                },
                {
                    "id": "42302",
                    "limit": 1000,
                    "badges": {
                        "is_water": false,
                        "requires_age_check": false
                    },
                    "packaging": "Ampolla",
                    "thumbnail": "https://prod-mercadona.imgix.net/20190521/02/42302/vlc1/42302_00_02.jpg?fit=crop&h=206&w=206",
                    "display_name": "Sabó de rentaplats tot en 1 Bosque Verde en gel",
                    "bunch_selector": false,
                    "price_instructions": {
                        "iva": 21,
                        "is_new": false,
                        "is_pack": false,
                        "pack_size": null,
                        "unit_name": "rentades",
                        "unit_size": 0.65,
                        "bulk_price": "4.54",
                        "unit_price": "2.95",
                        "approx_size": false,
                        "size_format": "l",
                        "total_units": 26,
                        "unit_selector": true,
                        "bunch_selector": false,
                        "drained_weight": null,
                        "price_decreased": false,
                        "reference_price": "0.11",
                        "min_bunch_amount": 1.0,
                        "reference_format": "lv",
                        "increment_bunch_amount": 1.0
                    }
                },
                {
                    "id": "42306",
                    "limit": 1000,
                    "badges": {
                        "is_water": false,
                        "requires_age_check": false
                    },
                    "packaging": "Ampolla",
                    "thumbnail": "https://prod-mercadona.imgix.net/20190521/06/42306/vlc1/42306_00_02.jpg?fit=crop&h=206&w=206",
                    "display_name": "Abrillantador rentaplats líquid",
                    "bunch_selector": false,
                    "price_instructions": {
                        "iva": 21,
                        "is_new": false,
                        "is_pack": false,
                        "pack_size": null,
                        "unit_name": null,
                        "unit_size": 0.75,
                        "bulk_price": "1.67",
                        "unit_price": "1.25",
                        "approx_size": false,
                        "size_format": "l",
                        "total_units": null,
                        "unit_selector": true,
                        "bunch_selector": false,
                        "drained_weight": null,
                        "price_decreased": false,
                        "reference_price": "1.67",
                        "min_bunch_amount": 0.0,
                        "reference_format": "L",
                        "increment_bunch_amount": 0.0
                    }
                },
                {
                    "id": "42318",
                    "limit": 1000,
                    "badges": {
                        "is_water": false,
                        "requires_age_check": false
                    },
                    "packaging": "Ampolla",
                    "thumbnail": "https://prod-mercadona.imgix.net/20190521/18/42318/vlc1/42318_00_02.jpg?fit=crop&h=206&w=206",
                    "display_name": "Netejamàquines rentaplats líquid",
                    "bunch_selector": false,
                    "price_instructions": {
                        "iva": 21,
                        "is_new": false,
                        "is_pack": false,
                        "pack_size": null,
                        "unit_name": null,
                        "unit_size": 0.25,
                        "bulk_price": "7.40",
                        "unit_price": "1.85",
                        "approx_size": false,
                        "size_format": "l",
                        "total_units": null,
                        "unit_selector": true,
                        "bunch_selector": false,
                        "drained_weight": null,
                        "price_decreased": false,
                        "reference_price": "7.40",
                        "min_bunch_amount": 1.0,
                        "reference_format": "L",
                        "increment_bunch_amount": 1.0
                    }
                },
                {
                    "id": "42428",
                    "limit": 1000,
                    "badges": {
                        "is_water": false,
                        "requires_age_check": false
                    },
                    "packaging": "Ampolla",
                    "thumbnail": "https://prod-mercadona.imgix.net/20190521/28/42428/vlc1/42428_00_02.jpg?fit=crop&h=206&w=206",
                    "display_name": "Sabó de rentaplats frescor antiolor Somat en gel",
                    "bunch_selector": false,
                    "price_instructions": {
                        "iva": 21,
                        "is_new": false,
                        "is_pack": false,
                        "pack_size": null,
                        "unit_name": "rentades",
                        "unit_size": 0.612,
                        "bulk_price": "9.79",
                        "unit_price": "5.99",
                        "approx_size": false,
                        "size_format": "l",
                        "total_units": 34,
                        "unit_selector": true,
                        "bunch_selector": false,
                        "drained_weight": null,
                        "price_decreased": false,
                        "reference_price": "0.18",
                        "min_bunch_amount": 1.0,
                        "reference_format": "lv",
                        "increment_bunch_amount": 1.0
                    }
                }
            ],
            "is_extended": false
        },
        {
            "id": 243,
            "name": "Parament i conservació d'aliments",
            "layout": 1,
            "products": [
                {
                    "id": "39702",
                    "limit": 1000,
                    "badges": {
                        "is_water": false,
                        "requires_age_check": false
                    },
                    "packaging": "Ampolla",
                    "thumbnail": "https://prod-mercadona.imgix.net/20190521/02/39702/vlc1/39702_00_02.jpg?fit=crop&h=206&w=206",
                    "display_name": "Beguda suc de fruites amb gas Magic",
                    "bunch_selector": false,
                    "price_instructions": {
                        "iva": 10,
                        "is_new": false,
                        "is_pack": false,
                        "pack_size": null,
                        "unit_name": null,
                        "unit_size": 0.75,
                        "bulk_price": "2.07",
                        "unit_price": "1.55",
                        "approx_size": false,
                        "size_format": "l",
                        "total_units": null,
                        "unit_selector": true,
                        "bunch_selector": false,
                        "drained_weight": null,
                        "price_decreased": false,
                        "reference_price": "2.07",
                        "min_bunch_amount": 1.0,
                        "reference_format": "L",
                        "increment_bunch_amount": 1.0
                    }
                },
                {
                    "id": "46060",
                    "limit": 1000,
                    "badges": {
                        "is_water": false,
                        "requires_age_check": false
                    },
                    "packaging": "Paquet",
                    "thumbnail": "https://prod-mercadona.imgix.net/20190521/60/46060/vlc1/46060_00_02.jpg?fit=crop&h=206&w=206",
                    "display_name": "Gots tub de plàstic Bosque Verde",
                    "bunch_selector": false,
                    "price_instructions": {
                        "iva": 21,
                        "is_new": false,
                        "is_pack": false,
                        "pack_size": null,
                        "unit_name": null,
                        "unit_size": 10.0,
                        "bulk_price": "0.13",
                        "unit_price": "1.30",
                        "approx_size": false,
                        "size_format": "ud",
                        "total_units": null,
                        "unit_selector": true,
                        "bunch_selector": false,
                        "drained_weight": null,
                        "price_decreased": false,
                        "reference_price": "0.13",
                        "min_bunch_amount": 1.0,
                        "reference_format": "ud",
                        "increment_bunch_amount": 1.0
                    }
                },
                {
                    "id": "46090",
                    "limit": 1000,
                    "badges": {
                        "is_water": false,
                        "requires_age_check": false
                    },
                    "packaging": "Paquet",
                    "thumbnail": "https://prod-mercadona.imgix.net/20190521/90/46090/vlc1/46090_00_02.jpg?fit=crop&h=206&w=206",
                    "display_name": "Gots litre de plàstic Bosque Verde",
                    "bunch_selector": false,
                    "price_instructions": {
                        "iva": 21,
                        "is_new": false,
                        "is_pack": false,
                        "pack_size": null,
                        "unit_name": null,
                        "unit_size": 16.0,
                        "bulk_price": "0.12",
                        "unit_price": "1.85",
                        "approx_size": false,
                        "size_format": "ud",
                        "total_units": null,
                        "unit_selector": true,
                        "bunch_selector": false,
                        "drained_weight": null,
                        "price_decreased": false,
                        "reference_price": "0.12",
                        "min_bunch_amount": 1.0,
                        "reference_format": "ud",
                        "increment_bunch_amount": 1.0
                    }
                },
                {
                    "id": "46096",
                    "limit": 1000,
                    "badges": {
                        "is_water": false,
                        "requires_age_check": false
                    },
                    "packaging": "Paquet",
                    "thumbnail": "https://prod-mercadona.imgix.net/20190521/96/46096/vlc1/46096_00_02.jpg?fit=crop&h=206&w=206",
                    "display_name": "Paletines de plàstic Bosque Verde",
                    "bunch_selector": false,
                    "price_instructions": {
                        "iva": 21,
                        "is_new": false,
                        "is_pack": false,
                        "pack_size": null,
                        "unit_name": null,
                        "unit_size": 100.0,
                        "bulk_price": "0.01",
                        "unit_price": "1.10",
                        "approx_size": false,
                        "size_format": "ud",
                        "total_units": null,
                        "unit_selector": true,
                        "bunch_selector": false,
                        "drained_weight": null,
                        "price_decreased": false,
                        "reference_price": "0.011",
                        "min_bunch_amount": 1.0,
                        "reference_format": "ud",
                        "increment_bunch_amount": 1.0
                    }
                },
                {
                    "id": "46118",
                    "limit": 1000,
                    "badges": {
                        "is_water": false,
                        "requires_age_check": false
                    },
                    "packaging": "Paquet",
                    "thumbnail": "https://prod-mercadona.imgix.net/20190521/18/46118/vlc1/46118_00_00.jpg?fit=crop&h=206&w=206",
                    "display_name": "Forquilles de plàstic Bosque Verde",
                    "bunch_selector": false,
                    "price_instructions": {
                        "iva": 21,
                        "is_new": false,
                        "is_pack": false,
                        "pack_size": null,
                        "unit_name": null,
                        "unit_size": 50.0,
                        "bulk_price": "0.03",
                        "unit_price": "1.30",
                        "approx_size": false,
                        "size_format": "ud",
                        "total_units": null,
                        "unit_selector": true,
                        "bunch_selector": false,
                        "drained_weight": null,
                        "price_decreased": false,
                        "reference_price": "0.026",
                        "min_bunch_amount": 1.0,
                        "reference_format": "ud",
                        "increment_bunch_amount": 1.0
                    }
                },
                {
                    "id": "46125",
                    "limit": 1000,
                    "badges": {
                        "is_water": false,
                        "requires_age_check": false
                    },
                    "packaging": "Paquet",
                    "thumbnail": "https://prod-mercadona.imgix.net/20190521/25/46125/vlc1/46125_00_02.jpg?fit=crop&h=206&w=206",
                    "display_name": "Culleres de plàstic Bosque Verde",
                    "bunch_selector": false,
                    "price_instructions": {
                        "iva": 21,
                        "is_new": false,
                        "is_pack": false,
                        "pack_size": null,
                        "unit_name": null,
                        "unit_size": 50.0,
                        "bulk_price": "0.03",
                        "unit_price": "1.30",
                        "approx_size": false,
                        "size_format": "ud",
                        "total_units": null,
                        "unit_selector": true,
                        "bunch_selector": false,
                        "drained_weight": null,
                        "price_decreased": false,
                        "reference_price": "0.026",
                        "min_bunch_amount": 1.0,
                        "reference_format": "ud",
                        "increment_bunch_amount": 1.0
                    }
                },
                {
                    "id": "46129",
                    "limit": 1000,
                    "badges": {
                        "is_water": false,
                        "requires_age_check": false
                    },
                    "packaging": "Paquet",
                    "thumbnail": "https://prod-mercadona.imgix.net/20190521/29/46129/vlc1/46129_00_02.jpg?fit=crop&h=206&w=206",
                    "display_name": "Ganivets de plàstic Bosque Verde",
                    "bunch_selector": false,
                    "price_instructions": {
                        "iva": 21,
                        "is_new": false,
                        "is_pack": false,
                        "pack_size": null,
                        "unit_name": null,
                        "unit_size": 50.0,
                        "bulk_price": "0.03",
                        "unit_price": "1.30",
                        "approx_size": false,
                        "size_format": "ud",
                        "total_units": null,
                        "unit_selector": true,
                        "bunch_selector": false,
                        "drained_weight": null,
                        "price_decreased": false,
                        "reference_price": "0.026",
                        "min_bunch_amount": 1.0,
                        "reference_format": "ud",
                        "increment_bunch_amount": 1.0
                    }
                },
                {
                    "id": "46130",
                    "limit": 1000,
                    "badges": {
                        "is_water": false,
                        "requires_age_check": false
                    },
                    "packaging": "Paquet",
                    "thumbnail": "https://prod-mercadona.imgix.net/20190521/30/46130/vlc1/46130_00_02.jpg?fit=crop&h=206&w=206",
                    "display_name": "Culleres postres de plàstic Bosque Verde",
                    "bunch_selector": false,
                    "price_instructions": {
                        "iva": 21,
                        "is_new": false,
                        "is_pack": false,
                        "pack_size": null,
                        "unit_name": null,
                        "unit_size": 50.0,
                        "bulk_price": "0.02",
                        "unit_price": "1.10",
                        "approx_size": false,
                        "size_format": "ud",
                        "total_units": null,
                        "unit_selector": true,
                        "bunch_selector": false,
                        "drained_weight": null,
                        "price_decreased": false,
                        "reference_price": "0.022",
                        "min_bunch_amount": 1.0,
                        "reference_format": "ud",
                        "increment_bunch_amount": 1.0
                    }
                },
                {
                    "id": "46168",
                    "limit": 1000,
                    "badges": {
                        "is_water": false,
                        "requires_age_check": false
                    },
                    "packaging": "Paquet",
                    "thumbnail": "https://prod-mercadona.imgix.net/20190521/68/46168/vlc1/46168_00_00.jpg?fit=crop&h=206&w=206",
                    "display_name": "Gots mitjans de plàstic Bosque Verde",
                    "bunch_selector": false,
                    "price_instructions": {
                        "iva": 21,
                        "is_new": false,
                        "is_pack": false,
                        "pack_size": null,
                        "unit_name": null,
                        "unit_size": 25.0,
                        "bulk_price": "0.04",
                        "unit_price": "1.10",
                        "approx_size": false,
                        "size_format": "ud",
                        "total_units": null,
                        "unit_selector": true,
                        "bunch_selector": false,
                        "drained_weight": null,
                        "price_decreased": false,
                        "reference_price": "0.044",
                        "min_bunch_amount": 1.0,
                        "reference_format": "ud",
                        "increment_bunch_amount": 1.0
                    }
                },
                {
                    "id": "48361",
                    "limit": 1000,
                    "badges": {
                        "is_water": false,
                        "requires_age_check": false
                    },
                    "packaging": "Paquet",
                    "thumbnail": "https://prod-mercadona.imgix.net/20190521/61/48361/vlc1/48361_00_03.jpg?fit=crop&h=206&w=206",
                    "display_name": "Recipient de plàstic rectangular 1,3L Bosque Verde",
                    "bunch_selector": false,
                    "price_instructions": {
                        "iva": 21,
                        "is_new": false,
                        "is_pack": false,
                        "pack_size": null,
                        "unit_name": null,
                        "unit_size": 4.0,
                        "bulk_price": "0.47",
                        "unit_price": "1.89",
                        "approx_size": false,
                        "size_format": "ud",
                        "total_units": null,
                        "unit_selector": true,
                        "bunch_selector": false,
                        "drained_weight": null,
                        "price_decreased": false,
                        "reference_price": "0.47",
                        "min_bunch_amount": 1.0,
                        "reference_format": "ud",
                        "increment_bunch_amount": 1.0
                    }
                },
                {
                    "id": "48005",
                    "limit": 1000,
                    "badges": {
                        "is_water": false,
                        "requires_age_check": false
                    },
                    "packaging": "Paquet",
                    "thumbnail": "https://prod-mercadona.imgix.net/20190521/05/48005/vlc1/48005_00_03.jpg?fit=crop&h=206&w=206",
                    "display_name": "Recipient de plàstic rodó 240 ml Bosque Verde",
                    "bunch_selector": false,
                    "price_instructions": {
                        "iva": 21,
                        "is_new": false,
                        "is_pack": false,
                        "pack_size": null,
                        "unit_name": null,
                        "unit_size": 3.0,
                        "bulk_price": "0.58",
                        "unit_price": "1.75",
                        "approx_size": false,
                        "size_format": "ud",
                        "total_units": null,
                        "unit_selector": true,
                        "bunch_selector": false,
                        "drained_weight": null,
                        "price_decreased": false,
                        "reference_price": "0.58",
                        "min_bunch_amount": 1.0,
                        "reference_format": "ud",
                        "increment_bunch_amount": 1.0
                    }
                },
                {
                    "id": "48006",
                    "limit": 1000,
                    "badges": {
                        "is_water": false,
                        "requires_age_check": false
                    },
                    "packaging": "Paquet",
                    "thumbnail": "https://prod-mercadona.imgix.net/20190521/06/48006/vlc1/48006_00_03.jpg?fit=crop&h=206&w=206",
                    "display_name": "Recipient de plàstic rodó 0,5L Bosque Verde",
                    "bunch_selector": false,
                    "price_instructions": {
                        "iva": 21,
                        "is_new": false,
                        "is_pack": false,
                        "pack_size": null,
                        "unit_name": null,
                        "unit_size": 3.0,
                        "bulk_price": "0.60",
                        "unit_price": "1.80",
                        "approx_size": false,
                        "size_format": "ud",
                        "total_units": null,
                        "unit_selector": true,
                        "bunch_selector": false,
                        "drained_weight": null,
                        "price_decreased": false,
                        "reference_price": "0.60",
                        "min_bunch_amount": 1.0,
                        "reference_format": "ud",
                        "increment_bunch_amount": 1.0
                    }
                },
                {
                    "id": "48007",
                    "limit": 1000,
                    "badges": {
                        "is_water": false,
                        "requires_age_check": false
                    },
                    "packaging": "Paquet",
                    "thumbnail": "https://prod-mercadona.imgix.net/20190521/07/48007/vlc1/48007_00_03.jpg?fit=crop&h=206&w=206",
                    "display_name": "Recipient de plàstic rodó 1L Bosque Verde",
                    "bunch_selector": false,
                    "price_instructions": {
                        "iva": 21,
                        "is_new": false,
                        "is_pack": false,
                        "pack_size": null,
                        "unit_name": null,
                        "unit_size": 2.0,
                        "bulk_price": "0.90",
                        "unit_price": "1.80",
                        "approx_size": false,
                        "size_format": "ud",
                        "total_units": null,
                        "unit_selector": true,
                        "bunch_selector": false,
                        "drained_weight": null,
                        "price_decreased": false,
                        "reference_price": "0.90",
                        "min_bunch_amount": 1.0,
                        "reference_format": "ud",
                        "increment_bunch_amount": 1.0
                    }
                },
                {
                    "id": "48304",
                    "limit": 1000,
                    "badges": {
                        "is_water": false,
                        "requires_age_check": false
                    },
                    "packaging": "Paquet",
                    "thumbnail": "https://prod-mercadona.imgix.net/20190521/04/48304/vlc1/48304_00_03.jpg?fit=crop&h=206&w=206",
                    "display_name": "Recipient de plàstic rodó 3L Bosque Verde",
                    "bunch_selector": false,
                    "price_instructions": {
                        "iva": 21,
                        "is_new": false,
                        "is_pack": false,
                        "pack_size": null,
                        "unit_name": null,
                        "unit_size": 2.0,
                        "bulk_price": "1.32",
                        "unit_price": "2.65",
                        "approx_size": false,
                        "size_format": "ud",
                        "total_units": null,
                        "unit_selector": true,
                        "bunch_selector": false,
                        "drained_weight": null,
                        "price_decreased": false,
                        "reference_price": "1.32",
                        "min_bunch_amount": 1.0,
                        "reference_format": "ud",
                        "increment_bunch_amount": 1.0
                    }
                },
                {
                    "id": "48359",
                    "limit": 1000,
                    "badges": {
                        "is_water": false,
                        "requires_age_check": false
                    },
                    "packaging": "Paquet",
                    "thumbnail": "https://prod-mercadona.imgix.net/20190521/59/48359/vlc1/48359_00_03.jpg?fit=crop&h=206&w=206",
                    "display_name": "Recipient de plàstic quadrat alt 1,3L Bosque Verde",
                    "bunch_selector": false,
                    "price_instructions": {
                        "iva": 21,
                        "is_new": false,
                        "is_pack": false,
                        "pack_size": null,
                        "unit_name": null,
                        "unit_size": 5.0,
                        "bulk_price": "0.38",
                        "unit_price": "1.89",
                        "approx_size": false,
                        "size_format": "ud",
                        "total_units": null,
                        "unit_selector": true,
                        "bunch_selector": false,
                        "drained_weight": null,
                        "price_decreased": false,
                        "reference_price": "0.38",
                        "min_bunch_amount": 1.0,
                        "reference_format": "ud",
                        "increment_bunch_amount": 1.0
                    }
                },
                {
                    "id": "48360",
                    "limit": 1000,
                    "badges": {
                        "is_water": false,
                        "requires_age_check": false
                    },
                    "packaging": "Paquet",
                    "thumbnail": "https://prod-mercadona.imgix.net/20190521/60/48360/vlc1/48360_00_03.jpg?fit=crop&h=206&w=206",
                    "display_name": "Recipient de plàstic quadrat sota 0,8L Bosque Verde",
                    "bunch_selector": false,
                    "price_instructions": {
                        "iva": 21,
                        "is_new": false,
                        "is_pack": false,
                        "pack_size": null,
                        "unit_name": null,
                        "unit_size": 5.0,
                        "bulk_price": "0.38",
                        "unit_price": "1.89",
                        "approx_size": false,
                        "size_format": "ud",
                        "total_units": null,
                        "unit_selector": true,
                        "bunch_selector": false,
                        "drained_weight": null,
                        "price_decreased": false,
                        "reference_price": "0.38",
                        "min_bunch_amount": 1.0,
                        "reference_format": "ud",
                        "increment_bunch_amount": 1.0
                    }
                },
                {
                    "id": "49116",
                    "limit": 1000,
                    "badges": {
                        "is_water": false,
                        "requires_age_check": false
                    },
                    "packaging": "Paquet",
                    "thumbnail": "https://prod-mercadona.imgix.net/20190521/16/49116/vlc1/49116_01_01.jpg?fit=crop&h=206&w=206",
                    "display_name": "Llumins de fusta llargs Tres Estrellas",
                    "bunch_selector": false,
                    "price_instructions": {
                        "iva": 21,
                        "is_new": false,
                        "is_pack": false,
                        "pack_size": null,
                        "unit_name": "caixes",
                        "unit_size": 1.0,
                        "bulk_price": "0.30",
                        "unit_price": "0.90",
                        "approx_size": false,
                        "size_format": "ud",
                        "total_units": 3,
                        "unit_selector": true,
                        "bunch_selector": false,
                        "drained_weight": null,
                        "price_decreased": false,
                        "reference_price": "0.30",
                        "min_bunch_amount": 1.0,
                        "reference_format": "ud",
                        "increment_bunch_amount": 1.0
                    }
                },
                {
                    "id": "49122",
                    "limit": 1000,
                    "badges": {
                        "is_water": false,
                        "requires_age_check": false
                    },
                    "packaging": "Paquet",
                    "thumbnail": "https://prod-mercadona.imgix.net/20190521/22/49122/vlc1/49122_00_01.jpg?fit=crop&h=206&w=206",
                    "display_name": "Llumins de fusta Tres Estrellas",
                    "bunch_selector": false,
                    "price_instructions": {
                        "iva": 21,
                        "is_new": false,
                        "is_pack": false,
                        "pack_size": null,
                        "unit_name": "caixes",
                        "unit_size": 1.0,
                        "bulk_price": "0.09",
                        "unit_price": "0.90",
                        "approx_size": false,
                        "size_format": "ud",
                        "total_units": 10,
                        "unit_selector": true,
                        "bunch_selector": false,
                        "drained_weight": null,
                        "price_decreased": false,
                        "reference_price": "0.090",
                        "min_bunch_amount": 1.0,
                        "reference_format": "ud",
                        "increment_bunch_amount": 1.0
                    }
                },
                {
                    "id": "49292",
                    "limit": 1000,
                    "badges": {
                        "is_water": false,
                        "requires_age_check": false
                    },
                    "packaging": "Paquet",
                    "thumbnail": "https://prod-mercadona.imgix.net/20190521/92/49292/vlc1/49292_00_02.jpg?fit=crop&h=206&w=206",
                    "display_name": "Encenedor petit Cricket",
                    "bunch_selector": false,
                    "price_instructions": {
                        "iva": 21,
                        "is_new": false,
                        "is_pack": false,
                        "pack_size": null,
                        "unit_name": null,
                        "unit_size": 3.0,
                        "bulk_price": "0.80",
                        "unit_price": "2.40",
                        "approx_size": false,
                        "size_format": "ud",
                        "total_units": null,
                        "unit_selector": true,
                        "bunch_selector": false,
                        "drained_weight": null,
                        "price_decreased": false,
                        "reference_price": "0.80",
                        "min_bunch_amount": 1.0,
                        "reference_format": "ud",
                        "increment_bunch_amount": 1.0
                    }
                },
                {
                    "id": "49148",
                    "limit": 1000,
                    "badges": {
                        "is_water": false,
                        "requires_age_check": false
                    },
                    "packaging": "Paquet",
                    "thumbnail": "https://prod-mercadona.imgix.net/20190521/48/49148/vlc1/49148_00_01.jpg?fit=crop&h=206&w=206",
                    "display_name": "Llumins de fusta extrallargs Tres Estrellas",
                    "bunch_selector": false,
                    "price_instructions": {
                        "iva": 21,
                        "is_new": false,
                        "is_pack": false,
                        "pack_size": null,
                        "unit_name": "caixes",
                        "unit_size": 1.0,
                        "bulk_price": "0.90",
                        "unit_price": "2.70",
                        "approx_size": false,
                        "size_format": "ud",
                        "total_units": 3,
                        "unit_selector": true,
                        "bunch_selector": false,
                        "drained_weight": null,
                        "price_decreased": false,
                        "reference_price": "0.90",
                        "min_bunch_amount": 1.0,
                        "reference_format": "ud",
                        "increment_bunch_amount": 1.0
                    }
                },
                {
                    "id": "49063",
                    "limit": 1000,
                    "badges": {
                        "is_water": false,
                        "requires_age_check": false
                    },
                    "packaging": null,
                    "thumbnail": "https://prod-mercadona.imgix.net/20190521/63/49063/vlc1/49063_00_02.jpg?fit=crop&h=206&w=206",
                    "display_name": "Estovalles de paper decorades Papermon",
                    "bunch_selector": false,
                    "price_instructions": {
                        "iva": 21,
                        "is_new": false,
                        "is_pack": false,
                        "pack_size": null,
                        "unit_name": null,
                        "unit_size": 1.0,
                        "bulk_price": "2.50",
                        "unit_price": "2.50",
                        "approx_size": false,
                        "size_format": "ud",
                        "total_units": null,
                        "unit_selector": true,
                        "bunch_selector": false,
                        "drained_weight": null,
                        "price_decreased": false,
                        "reference_price": "2.50",
                        "min_bunch_amount": 1.0,
                        "reference_format": "ud",
                        "increment_bunch_amount": 1.0
                    }
                },
                {
                    "id": "49046",
                    "limit": 1000,
                    "badges": {
                        "is_water": false,
                        "requires_age_check": false
                    },
                    "packaging": "Paquet",
                    "thumbnail": "https://prod-mercadona.imgix.net/20190521/46/49046/vlc1/49046_00_02.jpg?fit=crop&h=206&w=206",
                    "display_name": "Bosses per rostir Bosque Verde",
                    "bunch_selector": false,
                    "price_instructions": {
                        "iva": 21,
                        "is_new": false,
                        "is_pack": false,
                        "pack_size": null,
                        "unit_name": "bosses",
                        "unit_size": 1.0,
                        "bulk_price": "0.14",
                        "unit_price": "1.65",
                        "approx_size": false,
                        "size_format": "ud",
                        "total_units": 12,
                        "unit_selector": true,
                        "bunch_selector": false,
                        "drained_weight": null,
                        "price_decreased": false,
                        "reference_price": "0.14",
                        "min_bunch_amount": 1.0,
                        "reference_format": "ud",
                        "increment_bunch_amount": 1.0
                    }
                },
                {
                    "id": "49042",
                    "limit": 1000,
                    "badges": {
                        "is_water": false,
                        "requires_age_check": false
                    },
                    "packaging": "Paquet",
                    "thumbnail": "https://prod-mercadona.imgix.net/20190521/42/49042/vlc1/49042_00_02.jpg?fit=crop&h=206&w=206",
                    "display_name": "Garlanda 6 m Invercas",
                    "bunch_selector": false,
                    "price_instructions": {
                        "iva": 21,
                        "is_new": false,
                        "is_pack": false,
                        "pack_size": null,
                        "unit_name": null,
                        "unit_size": 1.0,
                        "bulk_price": "2.00",
                        "unit_price": "2.00",
                        "approx_size": false,
                        "size_format": "ud",
                        "total_units": null,
                        "unit_selector": true,
                        "bunch_selector": false,
                        "drained_weight": null,
                        "price_decreased": false,
                        "reference_price": "2.00",
                        "min_bunch_amount": 1.0,
                        "reference_format": "ud",
                        "increment_bunch_amount": 1.0
                    }
                },
                {
                    "id": "49034",
                    "limit": 1000,
                    "badges": {
                        "is_water": false,
                        "requires_age_check": false
                    },
                    "packaging": "Paquet",
                    "thumbnail": "https://prod-mercadona.imgix.net/20190521/34/49034/vlc1/49034_00_02.jpg?fit=crop&h=206&w=206",
                    "display_name": "Pinyata Invercas",
                    "bunch_selector": false,
                    "price_instructions": {
                        "iva": 21,
                        "is_new": false,
                        "is_pack": false,
                        "pack_size": null,
                        "unit_name": null,
                        "unit_size": 1.0,
                        "bulk_price": "2.50",
                        "unit_price": "2.50",
                        "approx_size": false,
                        "size_format": "ud",
                        "total_units": null,
                        "unit_selector": true,
                        "bunch_selector": false,
                        "drained_weight": null,
                        "price_decreased": false,
                        "reference_price": "2.50",
                        "min_bunch_amount": 1.0,
                        "reference_format": "ud",
                        "increment_bunch_amount": 1.0
                    }
                },
                {
                    "id": "49032",
                    "limit": 1000,
                    "badges": {
                        "is_water": false,
                        "requires_age_check": false
                    },
                    "packaging": "Paquet",
                    "thumbnail": "https://prod-mercadona.imgix.net/20190521/32/49032/vlc1/49032_00_02.jpg?fit=crop&h=206&w=206",
                    "display_name": "Globus Invercas",
                    "bunch_selector": false,
                    "price_instructions": {
                        "iva": 21,
                        "is_new": false,
                        "is_pack": false,
                        "pack_size": null,
                        "unit_name": null,
                        "unit_size": 30.0,
                        "bulk_price": "0.06",
                        "unit_price": "1.65",
                        "approx_size": false,
                        "size_format": "ud",
                        "total_units": null,
                        "unit_selector": true,
                        "bunch_selector": false,
                        "drained_weight": null,
                        "price_decreased": false,
                        "reference_price": "0.055",
                        "min_bunch_amount": 1.0,
                        "reference_format": "ud",
                        "increment_bunch_amount": 1.0
                    }
                },
                {
                    "id": "49080",
                    "limit": 1000,
                    "badges": {
                        "is_water": false,
                        "requires_age_check": false
                    },
                    "packaging": "Paquet",
                    "thumbnail": "https://prod-mercadona.imgix.net/20190521/80/49080/vlc1/49080_00_02.jpg?fit=crop&h=206&w=206",
                    "display_name": "Encenedor cuina llarg Clipper",
                    "bunch_selector": false,
                    "price_instructions": {
                        "iva": 21,
                        "is_new": false,
                        "is_pack": false,
                        "pack_size": null,
                        "unit_name": null,
                        "unit_size": 1.0,
                        "bulk_price": "2.57",
                        "unit_price": "2.57",
                        "approx_size": false,
                        "size_format": "ud",
                        "total_units": null,
                        "unit_selector": true,
                        "bunch_selector": false,
                        "drained_weight": null,
                        "price_decreased": false,
                        "reference_price": "2.57",
                        "min_bunch_amount": 1.0,
                        "reference_format": "ud",
                        "increment_bunch_amount": 1.0
                    }
                },
                {
                    "id": "49224",
                    "limit": 1000,
                    "badges": {
                        "is_water": false,
                        "requires_age_check": false
                    },
                    "packaging": "Capsa",
                    "thumbnail": "https://prod-mercadona.imgix.net/20190521/24/49224/vlc1/49224_00_02.jpg?fit=crop&h=206&w=206",
                    "display_name": "Bosses congelació mitjanes Bosque Verde",
                    "bunch_selector": false,
                    "price_instructions": {
                        "iva": 21,
                        "is_new": false,
                        "is_pack": false,
                        "pack_size": null,
                        "unit_name": "bosses",
                        "unit_size": 1.0,
                        "bulk_price": "0.02",
                        "unit_price": "0.85",
                        "approx_size": false,
                        "size_format": "ud",
                        "total_units": 40,
                        "unit_selector": true,
                        "bunch_selector": false,
                        "drained_weight": null,
                        "price_decreased": false,
                        "reference_price": "0.021",
                        "min_bunch_amount": 1.0,
                        "reference_format": "ud",
                        "increment_bunch_amount": 1.0
                    }
                },
                {
                    "id": "49255",
                    "limit": 1000,
                    "badges": {
                        "is_water": false,
                        "requires_age_check": false
                    },
                    "packaging": "Capsa",
                    "thumbnail": "https://prod-mercadona.imgix.net/20190521/55/49255/vlc1/49255_00_02.jpg?fit=crop&h=206&w=206",
                    "display_name": "Bosses congelació mitjanes Bosque Verde",
                    "bunch_selector": false,
                    "price_instructions": {
                        "iva": 21,
                        "is_new": false,
                        "is_pack": false,
                        "pack_size": null,
                        "unit_name": "bosses",
                        "unit_size": 1.0,
                        "bulk_price": "0.06",
                        "unit_price": "1.10",
                        "approx_size": false,
                        "size_format": "ud",
                        "total_units": 20,
                        "unit_selector": true,
                        "bunch_selector": false,
                        "drained_weight": null,
                        "price_decreased": false,
                        "reference_price": "0.055",
                        "min_bunch_amount": 1.0,
                        "reference_format": "ud",
                        "increment_bunch_amount": 1.0
                    }
                },
                {
                    "id": "49150",
                    "limit": 1000,
                    "badges": {
                        "is_water": false,
                        "requires_age_check": false
                    },
                    "packaging": "Capsa",
                    "thumbnail": "https://prod-mercadona.imgix.net/20190521/50/49150/vlc1/49150_00_02.jpg?fit=crop&h=206&w=206",
                    "display_name": "Bosses entrepà Bosque Verde",
                    "bunch_selector": false,
                    "price_instructions": {
                        "iva": 21,
                        "is_new": false,
                        "is_pack": false,
                        "pack_size": null,
                        "unit_name": "bosses",
                        "unit_size": 1.0,
                        "bulk_price": "0.02",
                        "unit_price": "0.80",
                        "approx_size": false,
                        "size_format": "ud",
                        "total_units": 40,
                        "unit_selector": true,
                        "bunch_selector": false,
                        "drained_weight": null,
                        "price_decreased": false,
                        "reference_price": "0.020",
                        "min_bunch_amount": 1.0,
                        "reference_format": "ud",
                        "increment_bunch_amount": 1.0
                    }
                },
                {
                    "id": "49304",
                    "limit": 1000,
                    "badges": {
                        "is_water": false,
                        "requires_age_check": false
                    },
                    "packaging": "Paquet",
                    "thumbnail": "https://prod-mercadona.imgix.net/20190521/04/49304/vlc1/49304_00_02.jpg?fit=crop&h=206&w=206",
                    "display_name": "Bastonets de colors Don Palillo",
                    "bunch_selector": false,
                    "price_instructions": {
                        "iva": 21,
                        "is_new": false,
                        "is_pack": false,
                        "pack_size": null,
                        "unit_name": null,
                        "unit_size": 100.0,
                        "bulk_price": "0.02",
                        "unit_price": "1.60",
                        "approx_size": false,
                        "size_format": "ud",
                        "total_units": null,
                        "unit_selector": true,
                        "bunch_selector": false,
                        "drained_weight": null,
                        "price_decreased": false,
                        "reference_price": "0.016",
                        "min_bunch_amount": 1.0,
                        "reference_format": "ud",
                        "increment_bunch_amount": 1.0
                    }
                },
                {
                    "id": "49256",
                    "limit": 1000,
                    "badges": {
                        "is_water": false,
                        "requires_age_check": false
                    },
                    "packaging": "Capsa",
                    "thumbnail": "https://prod-mercadona.imgix.net/20190521/56/49256/vlc1/49256_00_02.jpg?fit=crop&h=206&w=206",
                    "display_name": "Bosses congelació grans Bosque Verde",
                    "bunch_selector": false,
                    "price_instructions": {
                        "iva": 21,
                        "is_new": false,
                        "is_pack": false,
                        "pack_size": null,
                        "unit_name": "bosses",
                        "unit_size": 1.0,
                        "bulk_price": "0.08",
                        "unit_price": "1.20",
                        "approx_size": false,
                        "size_format": "ud",
                        "total_units": 15,
                        "unit_selector": true,
                        "bunch_selector": false,
                        "drained_weight": null,
                        "price_decreased": false,
                        "reference_price": "0.080",
                        "min_bunch_amount": 1.0,
                        "reference_format": "ud",
                        "increment_bunch_amount": 1.0
                    }
                },
                {
                    "id": "49102",
                    "limit": 1000,
                    "badges": {
                        "is_water": false,
                        "requires_age_check": false
                    },
                    "packaging": null,
                    "thumbnail": "https://prod-mercadona.imgix.net/20190521/02/49102/vlc1/49102_00_02.jpg?fit=crop&h=206&w=206",
                    "display_name": "Bossa isotèrmica Bolsaterm",
                    "bunch_selector": false,
                    "price_instructions": {
                        "iva": 21,
                        "is_new": false,
                        "is_pack": false,
                        "pack_size": null,
                        "unit_name": null,
                        "unit_size": 1.0,
                        "bulk_price": "1.49",
                        "unit_price": "1.49",
                        "approx_size": false,
                        "size_format": "ud",
                        "total_units": null,
                        "unit_selector": true,
                        "bunch_selector": false,
                        "drained_weight": null,
                        "price_decreased": false,
                        "reference_price": "1.49",
                        "min_bunch_amount": 0.0,
                        "reference_format": "ud",
                        "increment_bunch_amount": 0.0
                    }
                },
                {
                    "id": "49154",
                    "limit": 1000,
                    "badges": {
                        "is_water": false,
                        "requires_age_check": false
                    },
                    "packaging": "Capsa",
                    "thumbnail": "https://prod-mercadona.imgix.net/20190521/54/49154/vlc1/49154_00_02.jpg?fit=crop&h=206&w=206",
                    "display_name": "Bosses congelació grans Bosque Verde",
                    "bunch_selector": false,
                    "price_instructions": {
                        "iva": 21,
                        "is_new": false,
                        "is_pack": false,
                        "pack_size": null,
                        "unit_name": "bosses",
                        "unit_size": 1.0,
                        "bulk_price": "0.03",
                        "unit_price": "0.93",
                        "approx_size": false,
                        "size_format": "ud",
                        "total_units": 30,
                        "unit_selector": true,
                        "bunch_selector": false,
                        "drained_weight": null,
                        "price_decreased": false,
                        "reference_price": "0.031",
                        "min_bunch_amount": 1.0,
                        "reference_format": "ud",
                        "increment_bunch_amount": 1.0
                    }
                },
                {
                    "id": "49226",
                    "limit": 1000,
                    "badges": {
                        "is_water": false,
                        "requires_age_check": false
                    },
                    "packaging": "Capsa",
                    "thumbnail": "https://prod-mercadona.imgix.net/20190521/26/49226/vlc1/49226_00_02.jpg?fit=crop&h=206&w=206",
                    "display_name": "Bosses glaçons  Primapack",
                    "bunch_selector": false,
                    "price_instructions": {
                        "iva": 21,
                        "is_new": false,
                        "is_pack": false,
                        "pack_size": null,
                        "unit_name": "bosses",
                        "unit_size": 1.0,
                        "bulk_price": "0.06",
                        "unit_price": "1.20",
                        "approx_size": false,
                        "size_format": "ud",
                        "total_units": 20,
                        "unit_selector": true,
                        "bunch_selector": false,
                        "drained_weight": null,
                        "price_decreased": false,
                        "reference_price": "0.060",
                        "min_bunch_amount": 1.0,
                        "reference_format": "ud",
                        "increment_bunch_amount": 1.0
                    }
                },
                {
                    "id": "49260",
                    "limit": 1000,
                    "badges": {
                        "is_water": false,
                        "requires_age_check": false
                    },
                    "packaging": "Paquet",
                    "thumbnail": "https://prod-mercadona.imgix.net/20190521/60/49260/vlc1/49260_00_00.jpg?fit=crop&h=206&w=206",
                    "display_name": "Tasses cafè de plàstic Bosque Verde",
                    "bunch_selector": false,
                    "price_instructions": {
                        "iva": 21,
                        "is_new": false,
                        "is_pack": false,
                        "pack_size": null,
                        "unit_name": null,
                        "unit_size": 24.0,
                        "bulk_price": "0.08",
                        "unit_price": "1.95",
                        "approx_size": false,
                        "size_format": "ud",
                        "total_units": null,
                        "unit_selector": true,
                        "bunch_selector": false,
                        "drained_weight": null,
                        "price_decreased": false,
                        "reference_price": "0.081",
                        "min_bunch_amount": 1.0,
                        "reference_format": "ud",
                        "increment_bunch_amount": 1.0
                    }
                },
                {
                    "id": "49261",
                    "limit": 1000,
                    "badges": {
                        "is_water": false,
                        "requires_age_check": false
                    },
                    "packaging": "Paquet",
                    "thumbnail": "https://prod-mercadona.imgix.net/20190521/61/49261/vlc1/49261_00_00.jpg?fit=crop&h=206&w=206",
                    "display_name": "Gots petits de plàstic Bosque Verde",
                    "bunch_selector": false,
                    "price_instructions": {
                        "iva": 21,
                        "is_new": false,
                        "is_pack": false,
                        "pack_size": null,
                        "unit_name": null,
                        "unit_size": 25.0,
                        "bulk_price": "0.03",
                        "unit_price": "0.65",
                        "approx_size": false,
                        "size_format": "ud",
                        "total_units": null,
                        "unit_selector": true,
                        "bunch_selector": false,
                        "drained_weight": null,
                        "price_decreased": false,
                        "reference_price": "0.026",
                        "min_bunch_amount": 1.0,
                        "reference_format": "ud",
                        "increment_bunch_amount": 1.0
                    }
                },
                {
                    "id": "49678",
                    "limit": 1000,
                    "badges": {
                        "is_water": false,
                        "requires_age_check": false
                    },
                    "packaging": "Paquet",
                    "thumbnail": "https://prod-mercadona.imgix.net/20190521/78/49678/vlc1/49678_00_02.jpg?fit=crop&h=206&w=206",
                    "display_name": "Safata de cartró rodona P&H",
                    "bunch_selector": false,
                    "price_instructions": {
                        "iva": 21,
                        "is_new": false,
                        "is_pack": false,
                        "pack_size": null,
                        "unit_name": null,
                        "unit_size": 8.0,
                        "bulk_price": "0.25",
                        "unit_price": "2.00",
                        "approx_size": false,
                        "size_format": "ud",
                        "total_units": null,
                        "unit_selector": true,
                        "bunch_selector": false,
                        "drained_weight": null,
                        "price_decreased": false,
                        "reference_price": "0.25",
                        "min_bunch_amount": 1.0,
                        "reference_format": "ud",
                        "increment_bunch_amount": 1.0
                    }
                },
                {
                    "id": "49632",
                    "limit": 1000,
                    "badges": {
                        "is_water": false,
                        "requires_age_check": false
                    },
                    "packaging": "Paquet",
                    "thumbnail": "https://prod-mercadona.imgix.net/20190521/32/49632/vlc1/49632_00_02.jpg?fit=crop&h=206&w=206",
                    "display_name": "Safata de cartró rectangular P&H",
                    "bunch_selector": false,
                    "price_instructions": {
                        "iva": 21,
                        "is_new": false,
                        "is_pack": false,
                        "pack_size": null,
                        "unit_name": null,
                        "unit_size": 8.0,
                        "bulk_price": "0.24",
                        "unit_price": "1.95",
                        "approx_size": false,
                        "size_format": "ud",
                        "total_units": null,
                        "unit_selector": true,
                        "bunch_selector": false,
                        "drained_weight": null,
                        "price_decreased": false,
                        "reference_price": "0.24",
                        "min_bunch_amount": 1.0,
                        "reference_format": "ud",
                        "increment_bunch_amount": 1.0
                    }
                },
                {
                    "id": "49263",
                    "limit": 1000,
                    "badges": {
                        "is_water": false,
                        "requires_age_check": false
                    },
                    "packaging": "Paquet",
                    "thumbnail": "https://prod-mercadona.imgix.net/20190521/63/49263/vlc1/49263_00_02.jpg?fit=crop&h=206&w=206",
                    "display_name": "Plats de plàstic Bosque Verde",
                    "bunch_selector": false,
                    "price_instructions": {
                        "iva": 21,
                        "is_new": false,
                        "is_pack": false,
                        "pack_size": null,
                        "unit_name": null,
                        "unit_size": 25.0,
                        "bulk_price": "0.05",
                        "unit_price": "1.30",
                        "approx_size": false,
                        "size_format": "ud",
                        "total_units": null,
                        "unit_selector": true,
                        "bunch_selector": false,
                        "drained_weight": null,
                        "price_decreased": false,
                        "reference_price": "0.052",
                        "min_bunch_amount": 1.0,
                        "reference_format": "ud",
                        "increment_bunch_amount": 1.0
                    }
                },
                {
                    "id": "49262",
                    "limit": 1000,
                    "badges": {
                        "is_water": false,
                        "requires_age_check": false
                    },
                    "packaging": "Paquet",
                    "thumbnail": "https://prod-mercadona.imgix.net/20190521/62/49262/vlc1/49262_00_00.jpg?fit=crop&h=206&w=206",
                    "display_name": "Gots licor de plàstic Bosque Verde",
                    "bunch_selector": false,
                    "price_instructions": {
                        "iva": 21,
                        "is_new": false,
                        "is_pack": false,
                        "pack_size": null,
                        "unit_name": null,
                        "unit_size": 30.0,
                        "bulk_price": "0.04",
                        "unit_price": "1.10",
                        "approx_size": false,
                        "size_format": "ud",
                        "total_units": null,
                        "unit_selector": true,
                        "bunch_selector": false,
                        "drained_weight": null,
                        "price_decreased": false,
                        "reference_price": "0.037",
                        "min_bunch_amount": 1.0,
                        "reference_format": "ud",
                        "increment_bunch_amount": 1.0
                    }
                },
                {
                    "id": "46098",
                    "limit": 1000,
                    "badges": {
                        "is_water": false,
                        "requires_age_check": false
                    },
                    "packaging": "Paquet",
                    "thumbnail": "https://prod-mercadona.imgix.net/20190521/98/46098/vlc1/46098_00_00.jpg?fit=crop&h=206&w=206",
                    "display_name": "Copes cava de plàstic Bosque Verde",
                    "bunch_selector": false,
                    "price_instructions": {
                        "iva": 21,
                        "is_new": false,
                        "is_pack": false,
                        "pack_size": null,
                        "unit_name": null,
                        "unit_size": 6.0,
                        "bulk_price": "0.27",
                        "unit_price": "1.60",
                        "approx_size": false,
                        "size_format": "ud",
                        "total_units": null,
                        "unit_selector": true,
                        "bunch_selector": false,
                        "drained_weight": null,
                        "price_decreased": false,
                        "reference_price": "0.27",
                        "min_bunch_amount": 1.0,
                        "reference_format": "ud",
                        "increment_bunch_amount": 1.0
                    }
                },
                {
                    "id": "49107",
                    "limit": 1000,
                    "badges": {
                        "is_water": false,
                        "requires_age_check": false
                    },
                    "packaging": "Paquet",
                    "thumbnail": "https://prod-mercadona.imgix.net/20190521/07/49107/vlc1/49107_00_02.jpg?fit=crop&h=206&w=206",
                    "display_name": "Gots de cartró per a beguda calenta Sol Raber",
                    "bunch_selector": false,
                    "price_instructions": {
                        "iva": 21,
                        "is_new": false,
                        "is_pack": false,
                        "pack_size": null,
                        "unit_name": null,
                        "unit_size": 12.0,
                        "bulk_price": "0.18",
                        "unit_price": "2.20",
                        "approx_size": false,
                        "size_format": "ud",
                        "total_units": null,
                        "unit_selector": true,
                        "bunch_selector": false,
                        "drained_weight": null,
                        "price_decreased": false,
                        "reference_price": "0.18",
                        "min_bunch_amount": 1.0,
                        "reference_format": "ud",
                        "increment_bunch_amount": 1.0
                    }
                },
                {
                    "id": "49257",
                    "limit": 1000,
                    "badges": {
                        "is_water": false,
                        "requires_age_check": false
                    },
                    "packaging": "Paquet",
                    "thumbnail": "https://prod-mercadona.imgix.net/20190521/57/49257/vlc1/49257_00_00.jpg?fit=crop&h=206&w=206",
                    "display_name": "Bol de plàstic Bosque Verde",
                    "bunch_selector": false,
                    "price_instructions": {
                        "iva": 21,
                        "is_new": false,
                        "is_pack": false,
                        "pack_size": null,
                        "unit_name": null,
                        "unit_size": 20.0,
                        "bulk_price": "0.08",
                        "unit_price": "1.50",
                        "approx_size": false,
                        "size_format": "ud",
                        "total_units": null,
                        "unit_selector": true,
                        "bunch_selector": false,
                        "drained_weight": null,
                        "price_decreased": false,
                        "reference_price": "0.075",
                        "min_bunch_amount": 1.0,
                        "reference_format": "ud",
                        "increment_bunch_amount": 1.0
                    }
                },
                {
                    "id": "49259",
                    "limit": 1000,
                    "badges": {
                        "is_water": false,
                        "requires_age_check": false
                    },
                    "packaging": "Paquet",
                    "thumbnail": "https://prod-mercadona.imgix.net/20190521/59/49259/vlc1/49259_00_00.jpg?fit=crop&h=206&w=206",
                    "display_name": "Plat postres de plàstic Bosque Verde",
                    "bunch_selector": false,
                    "price_instructions": {
                        "iva": 21,
                        "is_new": false,
                        "is_pack": false,
                        "pack_size": null,
                        "unit_name": null,
                        "unit_size": 25.0,
                        "bulk_price": "0.04",
                        "unit_price": "1.10",
                        "approx_size": false,
                        "size_format": "ud",
                        "total_units": null,
                        "unit_selector": true,
                        "bunch_selector": false,
                        "drained_weight": null,
                        "price_decreased": false,
                        "reference_price": "0.044",
                        "min_bunch_amount": 1.0,
                        "reference_format": "ud",
                        "increment_bunch_amount": 1.0
                    }
                },
                {
                    "id": "92116",
                    "limit": 1000,
                    "badges": {
                        "is_water": false,
                        "requires_age_check": false
                    },
                    "packaging": "Capsa",
                    "thumbnail": "https://prod-mercadona.imgix.net/20190521/16/92116/vlc1/92116_00_02.jpg?fit=crop&h=206&w=206",
                    "display_name": "Pastilles per a encendre foc Bosque Verde",
                    "bunch_selector": false,
                    "price_instructions": {
                        "iva": 21,
                        "is_new": false,
                        "is_pack": false,
                        "pack_size": null,
                        "unit_name": null,
                        "unit_size": 32.0,
                        "bulk_price": "0.02",
                        "unit_price": "0.75",
                        "approx_size": false,
                        "size_format": "ud",
                        "total_units": null,
                        "unit_selector": true,
                        "bunch_selector": false,
                        "drained_weight": null,
                        "price_decreased": false,
                        "reference_price": "0.023",
                        "min_bunch_amount": 1.0,
                        "reference_format": "ud",
                        "increment_bunch_amount": 1.0
                    }
                },
                {
                    "id": "49672",
                    "limit": 1000,
                    "badges": {
                        "is_water": false,
                        "requires_age_check": false
                    },
                    "packaging": "Paquet",
                    "thumbnail": "https://prod-mercadona.imgix.net/20190521/72/49672/vlc1/49672_00_02.jpg?fit=crop&h=206&w=206",
                    "display_name": "Plat daurat de cartró P&H",
                    "bunch_selector": false,
                    "price_instructions": {
                        "iva": 21,
                        "is_new": false,
                        "is_pack": false,
                        "pack_size": null,
                        "unit_name": null,
                        "unit_size": 6.0,
                        "bulk_price": "0.32",
                        "unit_price": "1.90",
                        "approx_size": false,
                        "size_format": "ud",
                        "total_units": null,
                        "unit_selector": true,
                        "bunch_selector": false,
                        "drained_weight": null,
                        "price_decreased": false,
                        "reference_price": "0.32",
                        "min_bunch_amount": 1.0,
                        "reference_format": "ud",
                        "increment_bunch_amount": 1.0
                    }
                },
                {
                    "id": "49061",
                    "limit": 1000,
                    "badges": {
                        "is_water": false,
                        "requires_age_check": false
                    },
                    "packaging": "Paquet",
                    "thumbnail": "https://prod-mercadona.imgix.net/20190521/61/49061/vlc1/49061_00_00.jpg?fit=crop&h=206&w=206",
                    "display_name": "Gots aigua de plàstic decorat Bosque Verde",
                    "bunch_selector": false,
                    "price_instructions": {
                        "iva": 21,
                        "is_new": false,
                        "is_pack": false,
                        "pack_size": null,
                        "unit_name": null,
                        "unit_size": 10.0,
                        "bulk_price": "0.14",
                        "unit_price": "1.40",
                        "approx_size": false,
                        "size_format": "ud",
                        "total_units": null,
                        "unit_selector": true,
                        "bunch_selector": false,
                        "drained_weight": null,
                        "price_decreased": false,
                        "reference_price": "0.14",
                        "min_bunch_amount": 1.0,
                        "reference_format": "ud",
                        "increment_bunch_amount": 1.0
                    }
                },
                {
                    "id": "49062",
                    "limit": 1000,
                    "badges": {
                        "is_water": false,
                        "requires_age_check": false
                    },
                    "packaging": "Paquet",
                    "thumbnail": "https://prod-mercadona.imgix.net/20190521/62/49062/vlc1/49062_00_00.jpg?fit=crop&h=206&w=206",
                    "display_name": "Plat decorat de plàstic Bosque Verde",
                    "bunch_selector": false,
                    "price_instructions": {
                        "iva": 21,
                        "is_new": false,
                        "is_pack": false,
                        "pack_size": null,
                        "unit_name": null,
                        "unit_size": 10.0,
                        "bulk_price": "0.18",
                        "unit_price": "1.80",
                        "approx_size": false,
                        "size_format": "ud",
                        "total_units": null,
                        "unit_selector": true,
                        "bunch_selector": false,
                        "drained_weight": null,
                        "price_decreased": false,
                        "reference_price": "0.18",
                        "min_bunch_amount": 1.0,
                        "reference_format": "ud",
                        "increment_bunch_amount": 1.0
                    }
                },
                {
                    "id": "92002",
                    "limit": 1000,
                    "badges": {
                        "is_water": false,
                        "requires_age_check": false
                    },
                    "packaging": "Paquet",
                    "thumbnail": "https://prod-mercadona.imgix.net/20190521/02/92002/vlc1/92002_00_02.jpg?fit=crop&h=206&w=206",
                    "display_name": "Carbó vegetal Corchos Oliva",
                    "bunch_selector": false,
                    "price_instructions": {
                        "iva": 21,
                        "is_new": false,
                        "is_pack": false,
                        "pack_size": null,
                        "unit_name": null,
                        "unit_size": 3.0,
                        "bulk_price": "0.73",
                        "unit_price": "2.19",
                        "approx_size": false,
                        "size_format": "kg",
                        "total_units": null,
                        "unit_selector": true,
                        "bunch_selector": false,
                        "drained_weight": null,
                        "price_decreased": false,
                        "reference_price": "0.73",
                        "min_bunch_amount": 1.0,
                        "reference_format": "kg",
                        "increment_bunch_amount": 1.0
                    }
                },
                {
                    "id": "92000",
                    "limit": 1000,
                    "badges": {
                        "is_water": false,
                        "requires_age_check": false
                    },
                    "packaging": "Ampolla",
                    "thumbnail": "https://prod-mercadona.imgix.net/20190521/00/92000/vlc1/92000_00_02.jpg?fit=crop&h=206&w=206",
                    "display_name": "Gel per a encendre foc Bosque Verde",
                    "bunch_selector": false,
                    "price_instructions": {
                        "iva": 21,
                        "is_new": false,
                        "is_pack": false,
                        "pack_size": null,
                        "unit_name": null,
                        "unit_size": 0.5,
                        "bulk_price": "3.90",
                        "unit_price": "1.95",
                        "approx_size": false,
                        "size_format": "l",
                        "total_units": null,
                        "unit_selector": true,
                        "bunch_selector": false,
                        "drained_weight": null,
                        "price_decreased": false,
                        "reference_price": "3.90",
                        "min_bunch_amount": 1.0,
                        "reference_format": "L",
                        "increment_bunch_amount": 1.0
                    }
                },
                {
                    "id": "49011",
                    "limit": 1000,
                    "badges": {
                        "is_water": false,
                        "requires_age_check": false
                    },
                    "packaging": null,
                    "thumbnail": "https://prod-mercadona.imgix.net/20190521/11/49011/vlc1/49011_00_01.jpg?fit=crop&h=206&w=206",
                    "display_name": "Estovalles de paper color aleatori Papermon",
                    "bunch_selector": false,
                    "price_instructions": {
                        "iva": 21,
                        "is_new": false,
                        "is_pack": false,
                        "pack_size": null,
                        "unit_name": null,
                        "unit_size": 1.0,
                        "bulk_price": "2.50",
                        "unit_price": "2.50",
                        "approx_size": false,
                        "size_format": "ud",
                        "total_units": null,
                        "unit_selector": true,
                        "bunch_selector": false,
                        "drained_weight": null,
                        "price_decreased": false,
                        "reference_price": "2.50",
                        "min_bunch_amount": 1.0,
                        "reference_format": "ud",
                        "increment_bunch_amount": 1.0
                    }
                },
                {
                    "id": "49087",
                    "limit": 1000,
                    "badges": {
                        "is_water": false,
                        "requires_age_check": false
                    },
                    "packaging": null,
                    "thumbnail": "https://prod-mercadona.imgix.net/20190521/87/49087/vlc1/49087_00_01.jpg?fit=crop&h=206&w=206",
                    "display_name": "Estovalles de paper blanques Papermon",
                    "bunch_selector": false,
                    "price_instructions": {
                        "iva": 21,
                        "is_new": false,
                        "is_pack": false,
                        "pack_size": null,
                        "unit_name": null,
                        "unit_size": 1.0,
                        "bulk_price": "1.85",
                        "unit_price": "1.85",
                        "approx_size": false,
                        "size_format": "ud",
                        "total_units": null,
                        "unit_selector": true,
                        "bunch_selector": false,
                        "drained_weight": null,
                        "price_decreased": false,
                        "reference_price": "1.85",
                        "min_bunch_amount": 1.0,
                        "reference_format": "ud",
                        "increment_bunch_amount": 1.0
                    }
                },
                {
                    "id": "92328",
                    "limit": 1000,
                    "badges": {
                        "is_water": false,
                        "requires_age_check": false
                    },
                    "packaging": null,
                    "thumbnail": "https://prod-mercadona.imgix.net/20190521/28/92328/vlc1/92328_00_10.jpg?fit=crop&h=206&w=206",
                    "display_name": "Paper de regal infantil Bosque Verde",
                    "bunch_selector": false,
                    "price_instructions": {
                        "iva": 21,
                        "is_new": false,
                        "is_pack": false,
                        "pack_size": null,
                        "unit_name": null,
                        "unit_size": 1.0,
                        "bulk_price": "0.60",
                        "unit_price": "0.60",
                        "approx_size": false,
                        "size_format": "ud",
                        "total_units": null,
                        "unit_selector": true,
                        "bunch_selector": false,
                        "drained_weight": null,
                        "price_decreased": false,
                        "reference_price": "0.60",
                        "min_bunch_amount": 1.0,
                        "reference_format": "ud",
                        "increment_bunch_amount": 1.0
                    }
                },
                {
                    "id": "94462",
                    "limit": 1000,
                    "badges": {
                        "is_water": false,
                        "requires_age_check": false
                    },
                    "packaging": null,
                    "thumbnail": "https://prod-mercadona.imgix.net/20190521/62/94462/vlc1/94462_00_10.jpg?fit=crop&h=206&w=206",
                    "display_name": "Paper de regal Bosque Verde",
                    "bunch_selector": false,
                    "price_instructions": {
                        "iva": 21,
                        "is_new": false,
                        "is_pack": false,
                        "pack_size": null,
                        "unit_name": null,
                        "unit_size": 1.0,
                        "bulk_price": "0.60",
                        "unit_price": "0.60",
                        "approx_size": false,
                        "size_format": "ud",
                        "total_units": null,
                        "unit_selector": true,
                        "bunch_selector": false,
                        "drained_weight": null,
                        "price_decreased": false,
                        "reference_price": "0.60",
                        "min_bunch_amount": 1.0,
                        "reference_format": "ud",
                        "increment_bunch_amount": 1.0
                    }
                },
                {
                    "id": "49635",
                    "limit": 1000,
                    "badges": {
                        "is_water": false,
                        "requires_age_check": false
                    },
                    "packaging": "Paquet",
                    "thumbnail": "https://prod-mercadona.imgix.net/20190521/35/49635/vlc1/49635_00_02.jpg?fit=crop&h=206&w=206",
                    "display_name": "Motlle de paper magdalenes núm. 8 P&H",
                    "bunch_selector": false,
                    "price_instructions": {
                        "iva": 21,
                        "is_new": false,
                        "is_pack": false,
                        "pack_size": null,
                        "unit_name": null,
                        "unit_size": 50.0,
                        "bulk_price": "0.02",
                        "unit_price": "0.75",
                        "approx_size": false,
                        "size_format": "ud",
                        "total_units": null,
                        "unit_selector": true,
                        "bunch_selector": false,
                        "drained_weight": null,
                        "price_decreased": false,
                        "reference_price": "0.015",
                        "min_bunch_amount": 1.0,
                        "reference_format": "ud",
                        "increment_bunch_amount": 1.0
                    }
                },
                {
                    "id": "49698",
                    "limit": 1000,
                    "badges": {
                        "is_water": false,
                        "requires_age_check": false
                    },
                    "packaging": "Paquet",
                    "thumbnail": "https://prod-mercadona.imgix.net/20190521/98/49698/vlc1/49698_00_02.jpg?fit=crop&h=206&w=206",
                    "display_name": "Motlle de paper trufa P&H",
                    "bunch_selector": false,
                    "price_instructions": {
                        "iva": 21,
                        "is_new": false,
                        "is_pack": false,
                        "pack_size": null,
                        "unit_name": null,
                        "unit_size": 100.0,
                        "bulk_price": "0.01",
                        "unit_price": "0.80",
                        "approx_size": false,
                        "size_format": "ud",
                        "total_units": null,
                        "unit_selector": true,
                        "bunch_selector": false,
                        "drained_weight": null,
                        "price_decreased": false,
                        "reference_price": "0.008",
                        "min_bunch_amount": 1.0,
                        "reference_format": "ud",
                        "increment_bunch_amount": 1.0
                    }
                },
                {
                    "id": "49823",
                    "limit": 1000,
                    "badges": {
                        "is_water": false,
                        "requires_age_check": false
                    },
                    "packaging": "Paquet",
                    "thumbnail": "https://prod-mercadona.imgix.net/20190521/23/49823/vlc1/49823_00_02.jpg?fit=crop&h=206&w=206",
                    "display_name": "Motlle d'alumini Alibérico",
                    "bunch_selector": false,
                    "price_instructions": {
                        "iva": 21,
                        "is_new": false,
                        "is_pack": false,
                        "pack_size": null,
                        "unit_name": null,
                        "unit_size": 12.0,
                        "bulk_price": "0.11",
                        "unit_price": "1.35",
                        "approx_size": false,
                        "size_format": "ud",
                        "total_units": null,
                        "unit_selector": true,
                        "bunch_selector": false,
                        "drained_weight": null,
                        "price_decreased": false,
                        "reference_price": "0.11",
                        "min_bunch_amount": 1.0,
                        "reference_format": "ud",
                        "increment_bunch_amount": 1.0
                    }
                },
                {
                    "id": "49837",
                    "limit": 1000,
                    "badges": {
                        "is_water": false,
                        "requires_age_check": false
                    },
                    "packaging": "Paquet",
                    "thumbnail": "https://prod-mercadona.imgix.net/20190521/37/49837/vlc1/49837_00_07.jpg?fit=crop&h=206&w=206",
                    "display_name": "Motlle d'alumini rectangular 0,5L Alibérico",
                    "bunch_selector": false,
                    "price_instructions": {
                        "iva": 21,
                        "is_new": false,
                        "is_pack": false,
                        "pack_size": null,
                        "unit_name": null,
                        "unit_size": 5.0,
                        "bulk_price": "0.27",
                        "unit_price": "1.35",
                        "approx_size": false,
                        "size_format": "ud",
                        "total_units": null,
                        "unit_selector": true,
                        "bunch_selector": false,
                        "drained_weight": null,
                        "price_decreased": false,
                        "reference_price": "0.27",
                        "min_bunch_amount": 1.0,
                        "reference_format": "ud",
                        "increment_bunch_amount": 1.0
                    }
                },
                {
                    "id": "49863",
                    "limit": 1000,
                    "badges": {
                        "is_water": false,
                        "requires_age_check": false
                    },
                    "packaging": "Paquet",
                    "thumbnail": "https://prod-mercadona.imgix.net/20190521/63/49863/vlc1/49863_00_00.jpg?fit=crop&h=206&w=206",
                    "display_name": "Motlle d'alumini rectangular 1,5L Alibérico",
                    "bunch_selector": false,
                    "price_instructions": {
                        "iva": 21,
                        "is_new": false,
                        "is_pack": false,
                        "pack_size": null,
                        "unit_name": null,
                        "unit_size": 3.0,
                        "bulk_price": "0.83",
                        "unit_price": "2.50",
                        "approx_size": false,
                        "size_format": "ud",
                        "total_units": null,
                        "unit_selector": true,
                        "bunch_selector": false,
                        "drained_weight": null,
                        "price_decreased": false,
                        "reference_price": "0.83",
                        "min_bunch_amount": 1.0,
                        "reference_format": "ud",
                        "increment_bunch_amount": 1.0
                    }
                },
                {
                    "id": "49867",
                    "limit": 1000,
                    "badges": {
                        "is_water": false,
                        "requires_age_check": false
                    },
                    "packaging": "Paquet",
                    "thumbnail": "https://prod-mercadona.imgix.net/20190521/67/49867/vlc1/49867_00_00.jpg?fit=crop&h=206&w=206",
                    "display_name": "Motlle d'alumini rectangular 2,7L Alibérico",
                    "bunch_selector": false,
                    "price_instructions": {
                        "iva": 21,
                        "is_new": false,
                        "is_pack": false,
                        "pack_size": null,
                        "unit_name": null,
                        "unit_size": 2.0,
                        "bulk_price": "0.90",
                        "unit_price": "1.80",
                        "approx_size": false,
                        "size_format": "ud",
                        "total_units": null,
                        "unit_selector": true,
                        "bunch_selector": false,
                        "drained_weight": null,
                        "price_decreased": false,
                        "reference_price": "0.90",
                        "min_bunch_amount": 1.0,
                        "reference_format": "ud",
                        "increment_bunch_amount": 1.0
                    }
                },
                {
                    "id": "49869",
                    "limit": 1000,
                    "badges": {
                        "is_water": false,
                        "requires_age_check": false
                    },
                    "packaging": "Paquet",
                    "thumbnail": "https://prod-mercadona.imgix.net/20190521/69/49869/vlc1/49869_00_00.jpg?fit=crop&h=206&w=206",
                    "display_name": "Motlle d'alumini rodó 1L Alibérico",
                    "bunch_selector": false,
                    "price_instructions": {
                        "iva": 21,
                        "is_new": false,
                        "is_pack": false,
                        "pack_size": null,
                        "unit_name": null,
                        "unit_size": 3.0,
                        "bulk_price": "0.48",
                        "unit_price": "1.45",
                        "approx_size": false,
                        "size_format": "ud",
                        "total_units": null,
                        "unit_selector": true,
                        "bunch_selector": false,
                        "drained_weight": null,
                        "price_decreased": false,
                        "reference_price": "0.48",
                        "min_bunch_amount": 1.0,
                        "reference_format": "ud",
                        "increment_bunch_amount": 1.0
                    }
                },
                {
                    "id": "49000",
                    "limit": 1000,
                    "badges": {
                        "is_water": false,
                        "requires_age_check": false
                    },
                    "packaging": "Capsa",
                    "thumbnail": "https://prod-mercadona.imgix.net/20190521/00/49000/vlc1/49000_00_02.jpg?fit=crop&h=206&w=206",
                    "display_name": "Paper d'alumini Bosque Verde",
                    "bunch_selector": false,
                    "price_instructions": {
                        "iva": 21,
                        "is_new": false,
                        "is_pack": false,
                        "pack_size": null,
                        "unit_name": null,
                        "unit_size": 30.0,
                        "bulk_price": "0.05",
                        "unit_price": "1.60",
                        "approx_size": false,
                        "size_format": "m",
                        "total_units": null,
                        "unit_selector": true,
                        "bunch_selector": false,
                        "drained_weight": null,
                        "price_decreased": false,
                        "reference_price": "0.053",
                        "min_bunch_amount": 1.0,
                        "reference_format": "m",
                        "increment_bunch_amount": 1.0
                    }
                },
                {
                    "id": "49072",
                    "limit": 1000,
                    "badges": {
                        "is_water": false,
                        "requires_age_check": false
                    },
                    "packaging": "Capsa",
                    "thumbnail": "https://prod-mercadona.imgix.net/20190521/72/49072/vlc1/49072_00_02.jpg?fit=crop&h=206&w=206",
                    "display_name": "Paper de plàstic transparent Bosque Verde",
                    "bunch_selector": false,
                    "price_instructions": {
                        "iva": 21,
                        "is_new": false,
                        "is_pack": false,
                        "pack_size": null,
                        "unit_name": null,
                        "unit_size": 80.0,
                        "bulk_price": "0.01",
                        "unit_price": "0.95",
                        "approx_size": false,
                        "size_format": "m",
                        "total_units": null,
                        "unit_selector": true,
                        "bunch_selector": false,
                        "drained_weight": null,
                        "price_decreased": false,
                        "reference_price": "0.012",
                        "min_bunch_amount": 1.0,
                        "reference_format": "m",
                        "increment_bunch_amount": 1.0
                    }
                },
                {
                    "id": "49225",
                    "limit": 1000,
                    "badges": {
                        "is_water": false,
                        "requires_age_check": false
                    },
                    "packaging": "Capsa",
                    "thumbnail": "https://prod-mercadona.imgix.net/20190521/25/49225/vlc1/49225_00_02.jpg?fit=crop&h=206&w=206",
                    "display_name": "Paper vegetal Bosque Verde",
                    "bunch_selector": false,
                    "price_instructions": {
                        "iva": 21,
                        "is_new": false,
                        "is_pack": false,
                        "pack_size": null,
                        "unit_name": "fulles",
                        "unit_size": 1.0,
                        "bulk_price": "0.06",
                        "unit_price": "1.30",
                        "approx_size": false,
                        "size_format": "ud",
                        "total_units": 20,
                        "unit_selector": true,
                        "bunch_selector": false,
                        "drained_weight": null,
                        "price_decreased": false,
                        "reference_price": "0.065",
                        "min_bunch_amount": 1.0,
                        "reference_format": "ud",
                        "increment_bunch_amount": 1.0
                    }
                },
                {
                    "id": "49222",
                    "limit": 1000,
                    "badges": {
                        "is_water": false,
                        "requires_age_check": false
                    },
                    "packaging": "Capsa",
                    "thumbnail": "https://prod-mercadona.imgix.net/20190521/22/49222/vlc1/49222_00_02.jpg?fit=crop&h=206&w=206",
                    "display_name": "Paper d'alumini Bosque Verde",
                    "bunch_selector": false,
                    "price_instructions": {
                        "iva": 21,
                        "is_new": false,
                        "is_pack": false,
                        "pack_size": null,
                        "unit_name": null,
                        "unit_size": 60.0,
                        "bulk_price": "0.05",
                        "unit_price": "2.90",
                        "approx_size": false,
                        "size_format": "m",
                        "total_units": null,
                        "unit_selector": true,
                        "bunch_selector": false,
                        "drained_weight": null,
                        "price_decreased": false,
                        "reference_price": "0.048",
                        "min_bunch_amount": 1.0,
                        "reference_format": "m",
                        "increment_bunch_amount": 1.0
                    }
                },
                {
                    "id": "49068",
                    "limit": 1000,
                    "badges": {
                        "is_water": false,
                        "requires_age_check": false
                    },
                    "packaging": "Capsa",
                    "thumbnail": "https://prod-mercadona.imgix.net/20190521/68/49068/vlc1/49068_00_02.jpg?fit=crop&h=206&w=206",
                    "display_name": "Paper de plàstic transparent resistent Bosque Verde",
                    "bunch_selector": false,
                    "price_instructions": {
                        "iva": 21,
                        "is_new": false,
                        "is_pack": false,
                        "pack_size": null,
                        "unit_name": null,
                        "unit_size": 30.0,
                        "bulk_price": "0.04",
                        "unit_price": "1.20",
                        "approx_size": false,
                        "size_format": "m",
                        "total_units": null,
                        "unit_selector": true,
                        "bunch_selector": false,
                        "drained_weight": null,
                        "price_decreased": false,
                        "reference_price": "0.040",
                        "min_bunch_amount": 1.0,
                        "reference_format": "m",
                        "increment_bunch_amount": 1.0
                    }
                },
                {
                    "id": "49071",
                    "limit": 1000,
                    "badges": {
                        "is_water": false,
                        "requires_age_check": false
                    },
                    "packaging": "Paquet",
                    "thumbnail": "https://prod-mercadona.imgix.net/20190521/71/49071/vlc1/49071_00_02.jpg?fit=crop&h=206&w=206",
                    "display_name": "Ciri blanc Roura",
                    "bunch_selector": false,
                    "price_instructions": {
                        "iva": 21,
                        "is_new": false,
                        "is_pack": false,
                        "pack_size": null,
                        "unit_name": null,
                        "unit_size": 2.0,
                        "bulk_price": "0.75",
                        "unit_price": "1.50",
                        "approx_size": false,
                        "size_format": "ud",
                        "total_units": null,
                        "unit_selector": true,
                        "bunch_selector": false,
                        "drained_weight": null,
                        "price_decreased": false,
                        "reference_price": "0.75",
                        "min_bunch_amount": 1.0,
                        "reference_format": "ud",
                        "increment_bunch_amount": 1.0
                    }
                },
                {
                    "id": "49031",
                    "limit": 1000,
                    "badges": {
                        "is_water": false,
                        "requires_age_check": false
                    },
                    "packaging": "Paquet",
                    "thumbnail": "https://prod-mercadona.imgix.net/20190521/31/49031/vlc1/49031_00_02.jpg?fit=crop&h=206&w=206",
                    "display_name": "Ciri vermell petit Roura",
                    "bunch_selector": false,
                    "price_instructions": {
                        "iva": 21,
                        "is_new": false,
                        "is_pack": false,
                        "pack_size": null,
                        "unit_name": null,
                        "unit_size": 3.0,
                        "bulk_price": "0.35",
                        "unit_price": "1.05",
                        "approx_size": false,
                        "size_format": "ud",
                        "total_units": null,
                        "unit_selector": true,
                        "bunch_selector": false,
                        "drained_weight": null,
                        "price_decreased": false,
                        "reference_price": "0.35",
                        "min_bunch_amount": 1.0,
                        "reference_format": "ud",
                        "increment_bunch_amount": 1.0
                    }
                },
                {
                    "id": "49123",
                    "limit": 1000,
                    "badges": {
                        "is_water": false,
                        "requires_age_check": false
                    },
                    "packaging": "Capsa",
                    "thumbnail": "https://prod-mercadona.imgix.net/20190521/23/49123/vlc1/49123_00_02.jpg?fit=crop&h=206&w=206",
                    "display_name": "Espelma escalfaplats Roura",
                    "bunch_selector": false,
                    "price_instructions": {
                        "iva": 21,
                        "is_new": false,
                        "is_pack": false,
                        "pack_size": null,
                        "unit_name": null,
                        "unit_size": 10.0,
                        "bulk_price": "0.16",
                        "unit_price": "1.55",
                        "approx_size": false,
                        "size_format": "ud",
                        "total_units": null,
                        "unit_selector": true,
                        "bunch_selector": false,
                        "drained_weight": null,
                        "price_decreased": false,
                        "reference_price": "0.16",
                        "min_bunch_amount": 1.0,
                        "reference_format": "ud",
                        "increment_bunch_amount": 1.0
                    }
                },
                {
                    "id": "49508",
                    "limit": 1000,
                    "badges": {
                        "is_water": false,
                        "requires_age_check": false
                    },
                    "packaging": "Paquet",
                    "thumbnail": "https://prod-mercadona.imgix.net/20190521/08/49508/vlc1/49508_00_02.jpg?fit=crop&h=206&w=206",
                    "display_name": "Espelma blanca llar Roura",
                    "bunch_selector": false,
                    "price_instructions": {
                        "iva": 21,
                        "is_new": false,
                        "is_pack": false,
                        "pack_size": null,
                        "unit_name": null,
                        "unit_size": 4.0,
                        "bulk_price": "0.40",
                        "unit_price": "1.60",
                        "approx_size": false,
                        "size_format": "ud",
                        "total_units": null,
                        "unit_selector": true,
                        "bunch_selector": false,
                        "drained_weight": null,
                        "price_decreased": false,
                        "reference_price": "0.40",
                        "min_bunch_amount": 1.0,
                        "reference_format": "ud",
                        "increment_bunch_amount": 1.0
                    }
                },
                {
                    "id": "49302",
                    "limit": 1000,
                    "badges": {
                        "is_water": false,
                        "requires_age_check": false
                    },
                    "packaging": null,
                    "thumbnail": "https://prod-mercadona.imgix.net/20190521/02/49302/vlc1/49302_00_02.jpg?fit=crop&h=206&w=206",
                    "display_name": "Ciri vermell Roura",
                    "bunch_selector": false,
                    "price_instructions": {
                        "iva": 21,
                        "is_new": false,
                        "is_pack": false,
                        "pack_size": null,
                        "unit_name": null,
                        "unit_size": 1.0,
                        "bulk_price": "0.80",
                        "unit_price": "0.80",
                        "approx_size": false,
                        "size_format": "ud",
                        "total_units": null,
                        "unit_selector": true,
                        "bunch_selector": false,
                        "drained_weight": null,
                        "price_decreased": false,
                        "reference_price": "0.80",
                        "min_bunch_amount": 1.0,
                        "reference_format": "ud",
                        "increment_bunch_amount": 1.0
                    }
                },
                {
                    "id": "49049",
                    "limit": 1000,
                    "badges": {
                        "is_water": false,
                        "requires_age_check": false
                    },
                    "packaging": null,
                    "thumbnail": "https://prod-mercadona.imgix.net/20190521/49/49049/vlc1/49049_00_02.jpg?fit=crop&h=206&w=206",
                    "display_name": "Ciri blanc Roura",
                    "bunch_selector": false,
                    "price_instructions": {
                        "iva": 21,
                        "is_new": false,
                        "is_pack": false,
                        "pack_size": null,
                        "unit_name": null,
                        "unit_size": 1.0,
                        "bulk_price": "0.80",
                        "unit_price": "0.80",
                        "approx_size": false,
                        "size_format": "ud",
                        "total_units": null,
                        "unit_selector": true,
                        "bunch_selector": false,
                        "drained_weight": null,
                        "price_decreased": false,
                        "reference_price": "0.80",
                        "min_bunch_amount": 1.0,
                        "reference_format": "ud",
                        "increment_bunch_amount": 1.0
                    }
                },
                {
                    "id": "49305",
                    "limit": 1000,
                    "badges": {
                        "is_water": false,
                        "requires_age_check": false
                    },
                    "packaging": "Paquet",
                    "thumbnail": "https://prod-mercadona.imgix.net/20190521/05/49305/vlc1/49305_00_02.jpg?fit=crop&h=206&w=206",
                    "display_name": "Ciri vermell Roura",
                    "bunch_selector": false,
                    "price_instructions": {
                        "iva": 21,
                        "is_new": false,
                        "is_pack": false,
                        "pack_size": null,
                        "unit_name": null,
                        "unit_size": 2.0,
                        "bulk_price": "0.75",
                        "unit_price": "1.50",
                        "approx_size": false,
                        "size_format": "ud",
                        "total_units": null,
                        "unit_selector": true,
                        "bunch_selector": false,
                        "drained_weight": null,
                        "price_decreased": false,
                        "reference_price": "0.75",
                        "min_bunch_amount": 1.0,
                        "reference_format": "ud",
                        "increment_bunch_amount": 1.0
                    }
                },
                {
                    "id": "49316",
                    "limit": 1000,
                    "badges": {
                        "is_water": false,
                        "requires_age_check": false
                    },
                    "packaging": "Paquet",
                    "thumbnail": "https://prod-mercadona.imgix.net/20190521/16/49316/vlc1/49316_00_02.jpg?fit=crop&h=206&w=206",
                    "display_name": "Canyes rectes",
                    "bunch_selector": false,
                    "price_instructions": {
                        "iva": 21,
                        "is_new": false,
                        "is_pack": false,
                        "pack_size": null,
                        "unit_name": null,
                        "unit_size": 100.0,
                        "bulk_price": "0.01",
                        "unit_price": "0.60",
                        "approx_size": false,
                        "size_format": "ud",
                        "total_units": null,
                        "unit_selector": true,
                        "bunch_selector": false,
                        "drained_weight": null,
                        "price_decreased": false,
                        "reference_price": "0.006",
                        "min_bunch_amount": 1.0,
                        "reference_format": "ud",
                        "increment_bunch_amount": 1.0
                    }
                },
                {
                    "id": "49318",
                    "limit": 1000,
                    "badges": {
                        "is_water": false,
                        "requires_age_check": false
                    },
                    "packaging": "Paquet",
                    "thumbnail": "https://prod-mercadona.imgix.net/20190521/18/49318/vlc1/49318_00_02.jpg?fit=crop&h=206&w=206",
                    "display_name": "Canyes flexibles",
                    "bunch_selector": false,
                    "price_instructions": {
                        "iva": 21,
                        "is_new": false,
                        "is_pack": false,
                        "pack_size": null,
                        "unit_name": null,
                        "unit_size": 225.0,
                        "bulk_price": "0.00",
                        "unit_price": "1.22",
                        "approx_size": false,
                        "size_format": "ud",
                        "total_units": null,
                        "unit_selector": true,
                        "bunch_selector": false,
                        "drained_weight": null,
                        "price_decreased": false,
                        "reference_price": "0.005",
                        "min_bunch_amount": 1.0,
                        "reference_format": "ud",
                        "increment_bunch_amount": 1.0
                    }
                },
                {
                    "id": "49320",
                    "limit": 1000,
                    "badges": {
                        "is_water": false,
                        "requires_age_check": false
                    },
                    "packaging": null,
                    "thumbnail": "https://prod-mercadona.imgix.net/20190521/20/49320/vlc1/49320_00_02.jpg?fit=crop&h=206&w=206",
                    "display_name": "Escuradents tornejats",
                    "bunch_selector": false,
                    "price_instructions": {
                        "iva": 21,
                        "is_new": false,
                        "is_pack": false,
                        "pack_size": null,
                        "unit_name": "u.",
                        "unit_size": 1.0,
                        "bulk_price": "0.00",
                        "unit_price": "0.55",
                        "approx_size": false,
                        "size_format": "ud",
                        "total_units": 140,
                        "unit_selector": true,
                        "bunch_selector": false,
                        "drained_weight": null,
                        "price_decreased": false,
                        "reference_price": "0.004",
                        "min_bunch_amount": 0.0,
                        "reference_format": "ud",
                        "increment_bunch_amount": 0.0
                    }
                },
                {
                    "id": "49321",
                    "limit": 1000,
                    "badges": {
                        "is_water": false,
                        "requires_age_check": false
                    },
                    "packaging": "Capsa",
                    "thumbnail": "https://prod-mercadona.imgix.net/20190521/21/49321/vlc1/49321_00_02.jpg?fit=crop&h=206&w=206",
                    "display_name": "Escuradents rodons",
                    "bunch_selector": false,
                    "price_instructions": {
                        "iva": 21,
                        "is_new": false,
                        "is_pack": false,
                        "pack_size": null,
                        "unit_name": null,
                        "unit_size": 800.0,
                        "bulk_price": "0.00",
                        "unit_price": "0.80",
                        "approx_size": false,
                        "size_format": "ud",
                        "total_units": null,
                        "unit_selector": true,
                        "bunch_selector": false,
                        "drained_weight": null,
                        "price_decreased": false,
                        "reference_price": "0.001",
                        "min_bunch_amount": 1.0,
                        "reference_format": "ud",
                        "increment_bunch_amount": 1.0
                    }
                },
                {
                    "id": "49322",
                    "limit": 1000,
                    "badges": {
                        "is_water": false,
                        "requires_age_check": false
                    },
                    "packaging": "Paquet",
                    "thumbnail": "https://prod-mercadona.imgix.net/20190521/22/49322/vlc1/49322_00_02.jpg?fit=crop&h=206&w=206",
                    "display_name": "Broquetes de fusta",
                    "bunch_selector": false,
                    "price_instructions": {
                        "iva": 21,
                        "is_new": false,
                        "is_pack": false,
                        "pack_size": null,
                        "unit_name": null,
                        "unit_size": 100.0,
                        "bulk_price": "0.01",
                        "unit_price": "1.00",
                        "approx_size": false,
                        "size_format": "ud",
                        "total_units": null,
                        "unit_selector": true,
                        "bunch_selector": false,
                        "drained_weight": null,
                        "price_decreased": false,
                        "reference_price": "0.010",
                        "min_bunch_amount": 1.0,
                        "reference_format": "ud",
                        "increment_bunch_amount": 1.0
                    }
                },
                {
                    "id": "49307",
                    "limit": 1000,
                    "badges": {
                        "is_water": false,
                        "requires_age_check": false
                    },
                    "packaging": "Paquet",
                    "thumbnail": "https://prod-mercadona.imgix.net/20190521/07/49307/vlc1/49307_00_02.jpg?fit=crop&h=206&w=206",
                    "display_name": "Bastonets de bambú",
                    "bunch_selector": false,
                    "price_instructions": {
                        "iva": 21,
                        "is_new": false,
                        "is_pack": false,
                        "pack_size": null,
                        "unit_name": "parells",
                        "unit_size": 1.0,
                        "bulk_price": "0.14",
                        "unit_price": "1.10",
                        "approx_size": false,
                        "size_format": "ud",
                        "total_units": 8,
                        "unit_selector": true,
                        "bunch_selector": false,
                        "drained_weight": null,
                        "price_decreased": false,
                        "reference_price": "0.14",
                        "min_bunch_amount": 1.0,
                        "reference_format": "ud",
                        "increment_bunch_amount": 1.0
                    }
                }
            ],
            "is_extended": false
        },
        {
            "id": 238,
            "name": "Paper higiènic i cel·lulosa",
            "layout": 1,
            "products": [
                {
                    "id": "46703",
                    "limit": 1000,
                    "badges": {
                        "is_water": false,
                        "requires_age_check": false
                    },
                    "packaging": "Paquet",
                    "thumbnail": "https://prod-mercadona.imgix.net/20190521/03/46703/vlc1/46703_00_02.jpg?fit=crop&h=206&w=206",
                    "display_name": "Mocadors de paper amb loció Bosque Verde",
                    "bunch_selector": false,
                    "price_instructions": {
                        "iva": 21,
                        "is_new": false,
                        "is_pack": false,
                        "pack_size": null,
                        "unit_name": null,
                        "unit_size": 10.0,
                        "bulk_price": "0.01",
                        "unit_price": "1.10",
                        "approx_size": false,
                        "size_format": "ud",
                        "total_units": null,
                        "unit_selector": true,
                        "bunch_selector": false,
                        "drained_weight": null,
                        "price_decreased": false,
                        "reference_price": "0.011",
                        "min_bunch_amount": 1.0,
                        "reference_format": "ud",
                        "increment_bunch_amount": 1.0
                    }
                },
                {
                    "id": "47824",
                    "limit": 1000,
                    "badges": {
                        "is_water": false,
                        "requires_age_check": false
                    },
                    "packaging": "Paquet",
                    "thumbnail": "https://prod-mercadona.imgix.net/20190521/24/47824/vlc1/47824_00_01.jpg?fit=crop&h=206&w=206",
                    "display_name": "Paper higiènic suau Bosque Verde",
                    "bunch_selector": false,
                    "price_instructions": {
                        "iva": 21,
                        "is_new": false,
                        "is_pack": false,
                        "pack_size": null,
                        "unit_name": "rotlles",
                        "unit_size": 1.0,
                        "bulk_price": "0.34",
                        "unit_price": "2.70",
                        "approx_size": false,
                        "size_format": "ud",
                        "total_units": 8,
                        "unit_selector": true,
                        "bunch_selector": false,
                        "drained_weight": null,
                        "price_decreased": false,
                        "reference_price": "0.34",
                        "min_bunch_amount": 1.0,
                        "reference_format": "ud",
                        "increment_bunch_amount": 1.0
                    }
                },
                {
                    "id": "47810",
                    "limit": 1000,
                    "badges": {
                        "is_water": false,
                        "requires_age_check": false
                    },
                    "packaging": "Paquet",
                    "thumbnail": "https://prod-mercadona.imgix.net/20190521/10/47810/vlc1/47810_00_01.jpg?fit=crop&h=206&w=206",
                    "display_name": "Paper higiènic encoixinat Bosque Verde",
                    "bunch_selector": false,
                    "price_instructions": {
                        "iva": 21,
                        "is_new": false,
                        "is_pack": false,
                        "pack_size": null,
                        "unit_name": "rotlles",
                        "unit_size": 1.0,
                        "bulk_price": "0.49",
                        "unit_price": "2.93",
                        "approx_size": false,
                        "size_format": "ud",
                        "total_units": 6,
                        "unit_selector": true,
                        "bunch_selector": false,
                        "drained_weight": null,
                        "price_decreased": false,
                        "reference_price": "0.49",
                        "min_bunch_amount": 1.0,
                        "reference_format": "ud",
                        "increment_bunch_amount": 1.0
                    }
                },
                {
                    "id": "47819",
                    "limit": 1000,
                    "badges": {
                        "is_water": false,
                        "requires_age_check": false
                    },
                    "packaging": "Paquet",
                    "thumbnail": "https://prod-mercadona.imgix.net/20190521/19/47819/vlc1/47819_00_01.jpg?fit=crop&h=206&w=206",
                    "display_name": "Paper higiènic doble rotlle Bosque Verde",
                    "bunch_selector": false,
                    "price_instructions": {
                        "iva": 21,
                        "is_new": false,
                        "is_pack": false,
                        "pack_size": null,
                        "unit_name": "rotlles",
                        "unit_size": 1.0,
                        "bulk_price": "0.34",
                        "unit_price": "2.07",
                        "approx_size": false,
                        "size_format": "ud",
                        "total_units": 6,
                        "unit_selector": true,
                        "bunch_selector": false,
                        "drained_weight": null,
                        "price_decreased": false,
                        "reference_price": "0.34",
                        "min_bunch_amount": 1.0,
                        "reference_format": "ud",
                        "increment_bunch_amount": 1.0
                    }
                },
                {
                    "id": "47818",
                    "limit": 1000,
                    "badges": {
                        "is_water": false,
                        "requires_age_check": false
                    },
                    "packaging": "Paquet",
                    "thumbnail": "https://prod-mercadona.imgix.net/20190521/18/47818/vlc1/47818_00_01.jpg?fit=crop&h=206&w=206",
                    "display_name": "Paper higiènic doble rotlle Bosque Verde",
                    "bunch_selector": false,
                    "price_instructions": {
                        "iva": 21,
                        "is_new": false,
                        "is_pack": false,
                        "pack_size": null,
                        "unit_name": "rotlles",
                        "unit_size": 1.0,
                        "bulk_price": "0.32",
                        "unit_price": "3.82",
                        "approx_size": false,
                        "size_format": "ud",
                        "total_units": 12,
                        "unit_selector": true,
                        "bunch_selector": false,
                        "drained_weight": null,
                        "price_decreased": false,
                        "reference_price": "0.32",
                        "min_bunch_amount": 1.0,
                        "reference_format": "ud",
                        "increment_bunch_amount": 1.0
                    }
                },
                {
                    "id": "47607",
                    "limit": 1000,
                    "badges": {
                        "is_water": false,
                        "requires_age_check": false
                    },
                    "packaging": "Capsa",
                    "thumbnail": "https://prod-mercadona.imgix.net/20190521/07/47607/vlc1/47607_00_02.jpg?fit=crop&h=206&w=206",
                    "display_name": "Mocadors de paper extrasuaus Bosque Verde",
                    "bunch_selector": false,
                    "price_instructions": {
                        "iva": 21,
                        "is_new": false,
                        "is_pack": false,
                        "pack_size": null,
                        "unit_name": null,
                        "unit_size": 80.0,
                        "bulk_price": "0.01",
                        "unit_price": "0.95",
                        "approx_size": false,
                        "size_format": "ud",
                        "total_units": null,
                        "unit_selector": true,
                        "bunch_selector": false,
                        "drained_weight": null,
                        "price_decreased": false,
                        "reference_price": "0.012",
                        "min_bunch_amount": 1.0,
                        "reference_format": "ud",
                        "increment_bunch_amount": 1.0
                    }
                },
                {
                    "id": "47609",
                    "limit": 1000,
                    "badges": {
                        "is_water": false,
                        "requires_age_check": false
                    },
                    "packaging": "Capsa",
                    "thumbnail": "https://prod-mercadona.imgix.net/20190521/09/47609/vlc1/47609_00_02.jpg?fit=crop&h=206&w=206",
                    "display_name": "Mocadors de paper extrasuaus Bosque Verde",
                    "bunch_selector": false,
                    "price_instructions": {
                        "iva": 21,
                        "is_new": false,
                        "is_pack": false,
                        "pack_size": null,
                        "unit_name": null,
                        "unit_size": 200.0,
                        "bulk_price": "0.00",
                        "unit_price": "1.05",
                        "approx_size": false,
                        "size_format": "ud",
                        "total_units": null,
                        "unit_selector": true,
                        "bunch_selector": false,
                        "drained_weight": null,
                        "price_decreased": false,
                        "reference_price": "0.005",
                        "min_bunch_amount": 1.0,
                        "reference_format": "ud",
                        "increment_bunch_amount": 1.0
                    }
                },
                {
                    "id": "47616",
                    "limit": 1000,
                    "badges": {
                        "is_water": false,
                        "requires_age_check": false
                    },
                    "packaging": "Paquet",
                    "thumbnail": "https://prod-mercadona.imgix.net/20190521/16/47616/vlc1/47616_00_02.jpg?fit=crop&h=206&w=206",
                    "display_name": "Mocadors de paper suaus i resistents Bosque Verde",
                    "bunch_selector": false,
                    "price_instructions": {
                        "iva": 21,
                        "is_new": false,
                        "is_pack": false,
                        "pack_size": null,
                        "unit_name": null,
                        "unit_size": 15.0,
                        "bulk_price": "0.01",
                        "unit_price": "0.98",
                        "approx_size": false,
                        "size_format": "ud",
                        "total_units": null,
                        "unit_selector": true,
                        "bunch_selector": false,
                        "drained_weight": null,
                        "price_decreased": false,
                        "reference_price": "0.007",
                        "min_bunch_amount": 1.0,
                        "reference_format": "ud",
                        "increment_bunch_amount": 1.0
                    }
                },
                {
                    "id": "47618",
                    "limit": 1000,
                    "badges": {
                        "is_water": false,
                        "requires_age_check": false
                    },
                    "packaging": "Paquet",
                    "thumbnail": "https://prod-mercadona.imgix.net/20190521/18/47618/vlc1/47618_00_02.jpg?fit=crop&h=206&w=206",
                    "display_name": "Mocadors de paper mentol Bosque Verde",
                    "bunch_selector": false,
                    "price_instructions": {
                        "iva": 21,
                        "is_new": false,
                        "is_pack": false,
                        "pack_size": null,
                        "unit_name": null,
                        "unit_size": 10.0,
                        "bulk_price": "0.01",
                        "unit_price": "1.00",
                        "approx_size": false,
                        "size_format": "ud",
                        "total_units": null,
                        "unit_selector": true,
                        "bunch_selector": false,
                        "drained_weight": null,
                        "price_decreased": false,
                        "reference_price": "0.010",
                        "min_bunch_amount": 1.0,
                        "reference_format": "ud",
                        "increment_bunch_amount": 1.0
                    }
                },
                {
                    "id": "47620",
                    "limit": 1000,
                    "badges": {
                        "is_water": false,
                        "requires_age_check": false
                    },
                    "packaging": "Paquet",
                    "thumbnail": "https://prod-mercadona.imgix.net/20190521/20/47620/vlc1/47620_00_02.jpg?fit=crop&h=206&w=206",
                    "display_name": "Mocadors de paper extrasuaus Bosque Verde",
                    "bunch_selector": false,
                    "price_instructions": {
                        "iva": 21,
                        "is_new": false,
                        "is_pack": false,
                        "pack_size": null,
                        "unit_name": null,
                        "unit_size": 10.0,
                        "bulk_price": "0.01",
                        "unit_price": "0.90",
                        "approx_size": false,
                        "size_format": "ud",
                        "total_units": null,
                        "unit_selector": true,
                        "bunch_selector": false,
                        "drained_weight": null,
                        "price_decreased": false,
                        "reference_price": "0.009",
                        "min_bunch_amount": 1.0,
                        "reference_format": "ud",
                        "increment_bunch_amount": 1.0
                    }
                },
                {
                    "id": "47835",
                    "limit": 1000,
                    "badges": {
                        "is_water": false,
                        "requires_age_check": false
                    },
                    "packaging": "Paquet",
                    "thumbnail": "https://prod-mercadona.imgix.net/20190521/35/47835/vlc1/47835_00_01.jpg?fit=crop&h=206&w=206",
                    "display_name": "Paper higiènic doble full Bosque Verde",
                    "bunch_selector": false,
                    "price_instructions": {
                        "iva": 21,
                        "is_new": false,
                        "is_pack": false,
                        "pack_size": null,
                        "unit_name": "rotlles",
                        "unit_size": 1.0,
                        "bulk_price": "0.17",
                        "unit_price": "2.05",
                        "approx_size": false,
                        "size_format": "ud",
                        "total_units": 12,
                        "unit_selector": true,
                        "bunch_selector": false,
                        "drained_weight": null,
                        "price_decreased": false,
                        "reference_price": "0.17",
                        "min_bunch_amount": 1.0,
                        "reference_format": "ud",
                        "increment_bunch_amount": 1.0
                    }
                },
                {
                    "id": "76457",
                    "limit": 1000,
                    "badges": {
                        "is_water": false,
                        "requires_age_check": false
                    },
                    "packaging": "Paquet",
                    "thumbnail": "https://prod-mercadona.imgix.net/20190521/57/76457/vlc1/76457_00_02.jpg?fit=crop&h=206&w=206",
                    "display_name": "Tovalloletes refrescants Deliplus",
                    "bunch_selector": false,
                    "price_instructions": {
                        "iva": 21,
                        "is_new": false,
                        "is_pack": false,
                        "pack_size": null,
                        "unit_name": null,
                        "unit_size": 25.0,
                        "bulk_price": "0.04",
                        "unit_price": "0.95",
                        "approx_size": false,
                        "size_format": "ud",
                        "total_units": null,
                        "unit_selector": true,
                        "bunch_selector": false,
                        "drained_weight": null,
                        "price_decreased": false,
                        "reference_price": "0.038",
                        "min_bunch_amount": 1.0,
                        "reference_format": "ud",
                        "increment_bunch_amount": 1.0
                    }
                },
                {
                    "id": "76470",
                    "limit": 1000,
                    "badges": {
                        "is_water": false,
                        "requires_age_check": false
                    },
                    "packaging": "Paquet",
                    "thumbnail": "https://prod-mercadona.imgix.net/20190521/70/76470/vlc1/76470_00_02.jpg?fit=crop&h=206&w=206",
                    "display_name": "Tovalloletes refrescants Deliplus",
                    "bunch_selector": false,
                    "price_instructions": {
                        "iva": 21,
                        "is_new": false,
                        "is_pack": false,
                        "pack_size": null,
                        "unit_name": null,
                        "unit_size": 20.0,
                        "bulk_price": "0.03",
                        "unit_price": "0.55",
                        "approx_size": false,
                        "size_format": "ud",
                        "total_units": null,
                        "unit_selector": true,
                        "bunch_selector": false,
                        "drained_weight": null,
                        "price_decreased": false,
                        "reference_price": "0.028",
                        "min_bunch_amount": 1.0,
                        "reference_format": "ud",
                        "increment_bunch_amount": 1.0
                    }
                },
                {
                    "id": "76472",
                    "limit": 1000,
                    "badges": {
                        "is_water": false,
                        "requires_age_check": false
                    },
                    "packaging": "Capsa",
                    "thumbnail": "https://prod-mercadona.imgix.net/20190521/72/76472/vlc1/76472_00_02.jpg?fit=crop&h=206&w=206",
                    "display_name": "Tovalloletes refrescants Deliplus monodosi",
                    "bunch_selector": false,
                    "price_instructions": {
                        "iva": 21,
                        "is_new": false,
                        "is_pack": false,
                        "pack_size": null,
                        "unit_name": "sobres",
                        "unit_size": 1.0,
                        "bulk_price": "0.07",
                        "unit_price": "1.35",
                        "approx_size": false,
                        "size_format": "ud",
                        "total_units": 20,
                        "unit_selector": true,
                        "bunch_selector": false,
                        "drained_weight": null,
                        "price_decreased": false,
                        "reference_price": "0.068",
                        "min_bunch_amount": 1.0,
                        "reference_format": "ud",
                        "increment_bunch_amount": 1.0
                    }
                },
                {
                    "id": "79437",
                    "limit": 1000,
                    "badges": {
                        "is_water": false,
                        "requires_age_check": false
                    },
                    "packaging": "Paquet",
                    "thumbnail": "https://prod-mercadona.imgix.net/20190521/73/79473/vlc1/79437_00_02.jpg?fit=crop&h=206&w=206",
                    "display_name": "Paper higiènic humit WC infantil Bosque Verde",
                    "bunch_selector": false,
                    "price_instructions": {
                        "iva": 21,
                        "is_new": false,
                        "is_pack": false,
                        "pack_size": null,
                        "unit_name": "u.",
                        "unit_size": 1.0,
                        "bulk_price": "0.02",
                        "unit_price": "1.85",
                        "approx_size": false,
                        "size_format": "ud",
                        "total_units": 100,
                        "unit_selector": true,
                        "bunch_selector": false,
                        "drained_weight": null,
                        "price_decreased": false,
                        "reference_price": "0.018",
                        "min_bunch_amount": 1.0,
                        "reference_format": "ud",
                        "increment_bunch_amount": 1.0
                    }
                },
                {
                    "id": "47292",
                    "limit": 1000,
                    "badges": {
                        "is_water": false,
                        "requires_age_check": false
                    },
                    "packaging": "Paquet-2",
                    "thumbnail": "https://prod-mercadona.imgix.net/20190521/92/47292/vlc1/47292_00_01.jpg?fit=crop&h=206&w=206",
                    "display_name": "Paper higiènic humit WC Bosque Verde",
                    "bunch_selector": false,
                    "price_instructions": {
                        "iva": 21,
                        "is_new": false,
                        "is_pack": true,
                        "pack_size": 100.0,
                        "unit_name": "paquets",
                        "unit_size": 200.0,
                        "bulk_price": "0.02",
                        "unit_price": "2.95",
                        "approx_size": false,
                        "size_format": "ud",
                        "total_units": 2,
                        "unit_selector": true,
                        "bunch_selector": false,
                        "drained_weight": null,
                        "price_decreased": false,
                        "reference_price": "0.015",
                        "min_bunch_amount": 1.0,
                        "reference_format": "ud",
                        "increment_bunch_amount": 1.0
                    }
                },
                {
                    "id": "47293",
                    "limit": 1000,
                    "badges": {
                        "is_water": false,
                        "requires_age_check": false
                    },
                    "packaging": "Paquet",
                    "thumbnail": "https://prod-mercadona.imgix.net/20190521/93/47293/vlc1/47293_00_02.jpg?fit=crop&h=206&w=206",
                    "display_name": "Paper higiènic humit WC Bosque Verde",
                    "bunch_selector": false,
                    "price_instructions": {
                        "iva": 21,
                        "is_new": false,
                        "is_pack": false,
                        "pack_size": null,
                        "unit_name": "u.",
                        "unit_size": 1.0,
                        "bulk_price": "0.04",
                        "unit_price": "0.65",
                        "approx_size": false,
                        "size_format": "ud",
                        "total_units": 15,
                        "unit_selector": true,
                        "bunch_selector": false,
                        "drained_weight": null,
                        "price_decreased": false,
                        "reference_price": "0.043",
                        "min_bunch_amount": 1.0,
                        "reference_format": "ud",
                        "increment_bunch_amount": 1.0
                    }
                },
                {
                    "id": "47291",
                    "limit": 1000,
                    "badges": {
                        "is_water": false,
                        "requires_age_check": false
                    },
                    "packaging": "Paquet",
                    "thumbnail": "https://prod-mercadona.imgix.net/20190521/91/47291/vlc1/47291_00_07.jpg?fit=crop&h=206&w=206",
                    "display_name": "Paper higiènic humit WC Bosque Verde",
                    "bunch_selector": false,
                    "price_instructions": {
                        "iva": 21,
                        "is_new": false,
                        "is_pack": false,
                        "pack_size": null,
                        "unit_name": null,
                        "unit_size": 100.0,
                        "bulk_price": "0.02",
                        "unit_price": "1.74",
                        "approx_size": false,
                        "size_format": "ud",
                        "total_units": null,
                        "unit_selector": true,
                        "bunch_selector": false,
                        "drained_weight": null,
                        "price_decreased": false,
                        "reference_price": "0.017",
                        "min_bunch_amount": 1.0,
                        "reference_format": "ud",
                        "increment_bunch_amount": 1.0
                    }
                },
                {
                    "id": "49544",
                    "limit": 1000,
                    "badges": {
                        "is_water": false,
                        "requires_age_check": false
                    },
                    "packaging": "Paquet",
                    "thumbnail": "https://prod-mercadona.imgix.net/20190521/44/49544/vlc1/49544_00_02.jpg?fit=crop&h=206&w=206",
                    "display_name": "Tovalló paper Bosque Verde",
                    "bunch_selector": false,
                    "price_instructions": {
                        "iva": 21,
                        "is_new": false,
                        "is_pack": false,
                        "pack_size": null,
                        "unit_name": null,
                        "unit_size": 200.0,
                        "bulk_price": "0.00",
                        "unit_price": "0.92",
                        "approx_size": false,
                        "size_format": "ud",
                        "total_units": null,
                        "unit_selector": true,
                        "bunch_selector": false,
                        "drained_weight": null,
                        "price_decreased": false,
                        "reference_price": "0.005",
                        "min_bunch_amount": 1.0,
                        "reference_format": "ud",
                        "increment_bunch_amount": 1.0
                    }
                },
                {
                    "id": "49568",
                    "limit": 1000,
                    "badges": {
                        "is_water": false,
                        "requires_age_check": false
                    },
                    "packaging": "Paquet",
                    "thumbnail": "https://prod-mercadona.imgix.net/20190521/68/49568/vlc1/49568_00_02.jpg?fit=crop&h=206&w=206",
                    "display_name": "Tovalló paper suau Bosque Verde",
                    "bunch_selector": false,
                    "price_instructions": {
                        "iva": 21,
                        "is_new": false,
                        "is_pack": false,
                        "pack_size": null,
                        "unit_name": null,
                        "unit_size": 100.0,
                        "bulk_price": "0.01",
                        "unit_price": "1.00",
                        "approx_size": false,
                        "size_format": "ud",
                        "total_units": null,
                        "unit_selector": true,
                        "bunch_selector": false,
                        "drained_weight": null,
                        "price_decreased": false,
                        "reference_price": "0.010",
                        "min_bunch_amount": 1.0,
                        "reference_format": "ud",
                        "increment_bunch_amount": 1.0
                    }
                },
                {
                    "id": "49710",
                    "limit": 1000,
                    "badges": {
                        "is_water": false,
                        "requires_age_check": false
                    },
                    "packaging": "Paquet",
                    "thumbnail": "https://prod-mercadona.imgix.net/20190521/10/49710/vlc1/49710_00_02.jpg?fit=crop&h=206&w=206",
                    "display_name": "Tovalló paper decorat suavitat i absorció Bosque Verde",
                    "bunch_selector": false,
                    "price_instructions": {
                        "iva": 21,
                        "is_new": false,
                        "is_pack": false,
                        "pack_size": null,
                        "unit_name": null,
                        "unit_size": 100.0,
                        "bulk_price": "0.02",
                        "unit_price": "1.67",
                        "approx_size": false,
                        "size_format": "ud",
                        "total_units": null,
                        "unit_selector": true,
                        "bunch_selector": false,
                        "drained_weight": null,
                        "price_decreased": false,
                        "reference_price": "0.017",
                        "min_bunch_amount": 1.0,
                        "reference_format": "ud",
                        "increment_bunch_amount": 1.0
                    }
                },
                {
                    "id": "47611",
                    "limit": 1000,
                    "badges": {
                        "is_water": false,
                        "requires_age_check": false
                    },
                    "packaging": "Paquet",
                    "thumbnail": "https://prod-mercadona.imgix.net/20190521/11/47611/vlc1/47611_00_02.jpg?fit=crop&h=206&w=206",
                    "display_name": "Tovalló paper Bosque Verde",
                    "bunch_selector": false,
                    "price_instructions": {
                        "iva": 21,
                        "is_new": false,
                        "is_pack": false,
                        "pack_size": null,
                        "unit_name": null,
                        "unit_size": 50.0,
                        "bulk_price": "0.02",
                        "unit_price": "1.05",
                        "approx_size": false,
                        "size_format": "ud",
                        "total_units": null,
                        "unit_selector": true,
                        "bunch_selector": false,
                        "drained_weight": null,
                        "price_decreased": false,
                        "reference_price": "0.021",
                        "min_bunch_amount": 1.0,
                        "reference_format": "ud",
                        "increment_bunch_amount": 1.0
                    }
                },
                {
                    "id": "49609",
                    "limit": 1000,
                    "badges": {
                        "is_water": false,
                        "requires_age_check": false
                    },
                    "packaging": "Paquet",
                    "thumbnail": "https://prod-mercadona.imgix.net/20190521/09/49609/vlc1/49609_00_02.jpg?fit=crop&h=206&w=206",
                    "display_name": "Tovalló paper decorat Bosque Verde",
                    "bunch_selector": false,
                    "price_instructions": {
                        "iva": 21,
                        "is_new": false,
                        "is_pack": false,
                        "pack_size": null,
                        "unit_name": null,
                        "unit_size": 100.0,
                        "bulk_price": "0.01",
                        "unit_price": "1.06",
                        "approx_size": false,
                        "size_format": "ud",
                        "total_units": null,
                        "unit_selector": true,
                        "bunch_selector": false,
                        "drained_weight": null,
                        "price_decreased": false,
                        "reference_price": "0.011",
                        "min_bunch_amount": 1.0,
                        "reference_format": "ud",
                        "increment_bunch_amount": 1.0
                    }
                },
                {
                    "id": "49602",
                    "limit": 1000,
                    "badges": {
                        "is_water": false,
                        "requires_age_check": false
                    },
                    "packaging": "Paquet",
                    "thumbnail": "https://prod-mercadona.imgix.net/20190521/02/49602/vlc1/49602_00_02.jpg?fit=crop&h=206&w=206",
                    "display_name": "Tovalló paper color Bosque Verde",
                    "bunch_selector": false,
                    "price_instructions": {
                        "iva": 21,
                        "is_new": false,
                        "is_pack": false,
                        "pack_size": null,
                        "unit_name": null,
                        "unit_size": 50.0,
                        "bulk_price": "0.02",
                        "unit_price": "1.05",
                        "approx_size": false,
                        "size_format": "ud",
                        "total_units": null,
                        "unit_selector": true,
                        "bunch_selector": false,
                        "drained_weight": null,
                        "price_decreased": false,
                        "reference_price": "0.021",
                        "min_bunch_amount": 1.0,
                        "reference_format": "ud",
                        "increment_bunch_amount": 1.0
                    }
                },
                {
                    "id": "49701",
                    "limit": 1000,
                    "badges": {
                        "is_water": false,
                        "requires_age_check": false
                    },
                    "packaging": "Paquet",
                    "thumbnail": "https://prod-mercadona.imgix.net/20190521/01/49701/vlc1/49701_00_02.jpg?fit=crop&h=206&w=206",
                    "display_name": "Tovalló paper còctel Bosque Verde",
                    "bunch_selector": false,
                    "price_instructions": {
                        "iva": 21,
                        "is_new": false,
                        "is_pack": false,
                        "pack_size": null,
                        "unit_name": null,
                        "unit_size": 200.0,
                        "bulk_price": "0.01",
                        "unit_price": "1.60",
                        "approx_size": false,
                        "size_format": "ud",
                        "total_units": null,
                        "unit_selector": true,
                        "bunch_selector": false,
                        "drained_weight": null,
                        "price_decreased": false,
                        "reference_price": "0.008",
                        "min_bunch_amount": 1.0,
                        "reference_format": "ud",
                        "increment_bunch_amount": 1.0
                    }
                },
                {
                    "id": "49708",
                    "limit": 1000,
                    "badges": {
                        "is_water": false,
                        "requires_age_check": false
                    },
                    "packaging": "Paquet",
                    "thumbnail": "https://prod-mercadona.imgix.net/20190521/08/49708/vlc1/49708_00_02.jpg?fit=crop&h=206&w=206",
                    "display_name": "Tovalló paper còctel color Bosque Verde",
                    "bunch_selector": false,
                    "price_instructions": {
                        "iva": 21,
                        "is_new": false,
                        "is_pack": false,
                        "pack_size": null,
                        "unit_name": null,
                        "unit_size": 60.0,
                        "bulk_price": "0.02",
                        "unit_price": "1.30",
                        "approx_size": false,
                        "size_format": "ud",
                        "total_units": null,
                        "unit_selector": true,
                        "bunch_selector": false,
                        "drained_weight": null,
                        "price_decreased": false,
                        "reference_price": "0.022",
                        "min_bunch_amount": 1.0,
                        "reference_format": "ud",
                        "increment_bunch_amount": 1.0
                    }
                },
                {
                    "id": "49506",
                    "limit": 1000,
                    "badges": {
                        "is_water": false,
                        "requires_age_check": false
                    },
                    "packaging": "Paquet",
                    "thumbnail": "https://prod-mercadona.imgix.net/20190521/06/49506/vlc1/49506_00_02.jpg?fit=crop&h=206&w=206",
                    "display_name": "Tovalló paper textura roba decorada Bosque Verde",
                    "bunch_selector": false,
                    "price_instructions": {
                        "iva": 21,
                        "is_new": false,
                        "is_pack": false,
                        "pack_size": null,
                        "unit_name": "u.",
                        "unit_size": 1.0,
                        "bulk_price": "0.09",
                        "unit_price": "2.80",
                        "approx_size": false,
                        "size_format": "ud",
                        "total_units": 30,
                        "unit_selector": true,
                        "bunch_selector": false,
                        "drained_weight": null,
                        "price_decreased": false,
                        "reference_price": "0.093",
                        "min_bunch_amount": 1.0,
                        "reference_format": "ud",
                        "increment_bunch_amount": 1.0
                    }
                },
                {
                    "id": "49776",
                    "limit": 1000,
                    "badges": {
                        "is_water": false,
                        "requires_age_check": false
                    },
                    "packaging": "Paquet",
                    "thumbnail": "https://prod-mercadona.imgix.net/20190521/76/49776/vlc1/49776_00_02.jpg?fit=crop&h=206&w=206",
                    "display_name": "Tovalló paper infantil decorat Bosque Verde",
                    "bunch_selector": false,
                    "price_instructions": {
                        "iva": 21,
                        "is_new": false,
                        "is_pack": false,
                        "pack_size": null,
                        "unit_name": null,
                        "unit_size": 30.0,
                        "bulk_price": "0.05",
                        "unit_price": "1.60",
                        "approx_size": false,
                        "size_format": "ud",
                        "total_units": null,
                        "unit_selector": true,
                        "bunch_selector": false,
                        "drained_weight": null,
                        "price_decreased": false,
                        "reference_price": "0.053",
                        "min_bunch_amount": 1.0,
                        "reference_format": "ud",
                        "increment_bunch_amount": 1.0
                    }
                },
                {
                    "id": "47828",
                    "limit": 1000,
                    "badges": {
                        "is_water": false,
                        "requires_age_check": false
                    },
                    "packaging": "Paquet",
                    "thumbnail": "https://prod-mercadona.imgix.net/20190521/28/47828/vlc1/47828_00_01.jpg?fit=crop&h=206&w=206",
                    "display_name": "Tovalloletes dermo higiene corporal Deliplus mida gegants",
                    "bunch_selector": false,
                    "price_instructions": {
                        "iva": 21,
                        "is_new": false,
                        "is_pack": false,
                        "pack_size": null,
                        "unit_name": null,
                        "unit_size": 60.0,
                        "bulk_price": "0.07",
                        "unit_price": "3.95",
                        "approx_size": false,
                        "size_format": "ud",
                        "total_units": null,
                        "unit_selector": true,
                        "bunch_selector": false,
                        "drained_weight": null,
                        "price_decreased": false,
                        "reference_price": "0.066",
                        "min_bunch_amount": 1.0,
                        "reference_format": "ud",
                        "increment_bunch_amount": 1.0
                    }
                },
                {
                    "id": "47355",
                    "limit": 1000,
                    "badges": {
                        "is_water": false,
                        "requires_age_check": false
                    },
                    "packaging": "Capsa",
                    "thumbnail": "https://prod-mercadona.imgix.net/20190521/55/47355/vlc1/47355_00_02.jpg?fit=crop&h=206&w=206",
                    "display_name": "Tovalloletes humides per a mans Bosque Verde monodosi",
                    "bunch_selector": false,
                    "price_instructions": {
                        "iva": 21,
                        "is_new": false,
                        "is_pack": false,
                        "pack_size": null,
                        "unit_name": "sobres",
                        "unit_size": 1.0,
                        "bulk_price": "0.08",
                        "unit_price": "1.65",
                        "approx_size": false,
                        "size_format": "ud",
                        "total_units": 22,
                        "unit_selector": true,
                        "bunch_selector": false,
                        "drained_weight": null,
                        "price_decreased": false,
                        "reference_price": "0.075",
                        "min_bunch_amount": 1.0,
                        "reference_format": "ud",
                        "increment_bunch_amount": 1.0
                    }
                },
                {
                    "id": "49620",
                    "limit": 1000,
                    "badges": {
                        "is_water": false,
                        "requires_age_check": false
                    },
                    "packaging": "Paquet",
                    "thumbnail": "https://prod-mercadona.imgix.net/20190521/20/49620/vlc1/49620_00_01.jpg?fit=crop&h=206&w=206",
                    "display_name": "Paper llar compacte absorbent Bosque Verde",
                    "bunch_selector": false,
                    "price_instructions": {
                        "iva": 21,
                        "is_new": false,
                        "is_pack": false,
                        "pack_size": null,
                        "unit_name": "serveis",
                        "unit_size": 6.0,
                        "bulk_price": "0.59",
                        "unit_price": "3.55",
                        "approx_size": false,
                        "size_format": "ud",
                        "total_units": 600,
                        "unit_selector": true,
                        "bunch_selector": false,
                        "drained_weight": null,
                        "price_decreased": false,
                        "reference_price": "0.59",
                        "min_bunch_amount": 1.0,
                        "reference_format": "ud",
                        "increment_bunch_amount": 1.0
                    }
                },
                {
                    "id": "49606",
                    "limit": 1000,
                    "badges": {
                        "is_water": false,
                        "requires_age_check": false
                    },
                    "packaging": "Paquet",
                    "thumbnail": "https://prod-mercadona.imgix.net/20190521/06/49606/vlc1/49606_00_02.jpg?fit=crop&h=206&w=206",
                    "display_name": "Paper polivalent resistent Bosque Verde",
                    "bunch_selector": false,
                    "price_instructions": {
                        "iva": 21,
                        "is_new": false,
                        "is_pack": false,
                        "pack_size": null,
                        "unit_name": "serveis",
                        "unit_size": 1.0,
                        "bulk_price": "2.89",
                        "unit_price": "2.89",
                        "approx_size": false,
                        "size_format": "ud",
                        "total_units": 600,
                        "unit_selector": true,
                        "bunch_selector": false,
                        "drained_weight": null,
                        "price_decreased": false,
                        "reference_price": "2.89",
                        "min_bunch_amount": 1.0,
                        "reference_format": "ud",
                        "increment_bunch_amount": 1.0
                    }
                },
                {
                    "id": "49014",
                    "limit": 1000,
                    "badges": {
                        "is_water": false,
                        "requires_age_check": false
                    },
                    "packaging": "Paquet",
                    "thumbnail": "https://prod-mercadona.imgix.net/20190521/14/49014/vlc1/49014_00_01.jpg?fit=crop&h=206&w=206",
                    "display_name": "Paper cuina gegant absorbent Bosque Verde",
                    "bunch_selector": false,
                    "price_instructions": {
                        "iva": 21,
                        "is_new": false,
                        "is_pack": false,
                        "pack_size": null,
                        "unit_name": "serveis",
                        "unit_size": 1.0,
                        "bulk_price": "2.60",
                        "unit_price": "2.60",
                        "approx_size": false,
                        "size_format": "ud",
                        "total_units": 375,
                        "unit_selector": true,
                        "bunch_selector": false,
                        "drained_weight": null,
                        "price_decreased": false,
                        "reference_price": "2.60",
                        "min_bunch_amount": 1.0,
                        "reference_format": "ud",
                        "increment_bunch_amount": 1.0
                    }
                },
                {
                    "id": "49518",
                    "limit": 1000,
                    "badges": {
                        "is_water": false,
                        "requires_age_check": false
                    },
                    "packaging": "Paquet",
                    "thumbnail": "https://prod-mercadona.imgix.net/20190521/18/49518/vlc1/49518_00_01.jpg?fit=crop&h=206&w=206",
                    "display_name": "Paper llar absorbent Bosque Verde",
                    "bunch_selector": false,
                    "price_instructions": {
                        "iva": 21,
                        "is_new": false,
                        "is_pack": false,
                        "pack_size": null,
                        "unit_name": "serveis",
                        "unit_size": 6.0,
                        "bulk_price": "0.42",
                        "unit_price": "2.50",
                        "approx_size": false,
                        "size_format": "ud",
                        "total_units": 372,
                        "unit_selector": true,
                        "bunch_selector": false,
                        "drained_weight": null,
                        "price_decreased": false,
                        "reference_price": "0.42",
                        "min_bunch_amount": 1.0,
                        "reference_format": "ud",
                        "increment_bunch_amount": 1.0
                    }
                },
                {
                    "id": "49504",
                    "limit": 1000,
                    "badges": {
                        "is_water": false,
                        "requires_age_check": false
                    },
                    "packaging": "Paquet",
                    "thumbnail": "https://prod-mercadona.imgix.net/20190521/04/49504/vlc1/49504_00_01.jpg?fit=crop&h=206&w=206",
                    "display_name": "Paper llar superabsorbent Bosque Verde",
                    "bunch_selector": false,
                    "price_instructions": {
                        "iva": 21,
                        "is_new": false,
                        "is_pack": false,
                        "pack_size": null,
                        "unit_name": "serveis",
                        "unit_size": 2.0,
                        "bulk_price": "1.05",
                        "unit_price": "2.10",
                        "approx_size": false,
                        "size_format": "ud",
                        "total_units": 200,
                        "unit_selector": true,
                        "bunch_selector": false,
                        "drained_weight": null,
                        "price_decreased": false,
                        "reference_price": "1.05",
                        "min_bunch_amount": 1.0,
                        "reference_format": "ud",
                        "increment_bunch_amount": 1.0
                    }
                },
                {
                    "id": "49571",
                    "limit": 1000,
                    "badges": {
                        "is_water": false,
                        "requires_age_check": false
                    },
                    "packaging": "Paquet",
                    "thumbnail": "https://prod-mercadona.imgix.net/20190521/71/49571/vlc1/49571_00_02.jpg?fit=crop&h=206&w=206",
                    "display_name": "Paper llar recanvi Bosque Verde",
                    "bunch_selector": false,
                    "price_instructions": {
                        "iva": 21,
                        "is_new": false,
                        "is_pack": false,
                        "pack_size": null,
                        "unit_name": null,
                        "unit_size": 1.0,
                        "bulk_price": "2.50",
                        "unit_price": "2.50",
                        "approx_size": false,
                        "size_format": "ud",
                        "total_units": null,
                        "unit_selector": true,
                        "bunch_selector": false,
                        "drained_weight": null,
                        "price_decreased": false,
                        "reference_price": "2.50",
                        "min_bunch_amount": 1.0,
                        "reference_format": "ud",
                        "increment_bunch_amount": 1.0
                    }
                },
                {
                    "id": "49619",
                    "limit": 1000,
                    "badges": {
                        "is_water": false,
                        "requires_age_check": false
                    },
                    "packaging": "Paquet",
                    "thumbnail": "https://prod-mercadona.imgix.net/20190521/19/49619/vlc1/49619_00_01.jpg?fit=crop&h=206&w=206",
                    "display_name": "Paper llar compacte absorbent Bosque Verde",
                    "bunch_selector": false,
                    "price_instructions": {
                        "iva": 21,
                        "is_new": false,
                        "is_pack": false,
                        "pack_size": null,
                        "unit_name": "serveis",
                        "unit_size": 3.0,
                        "bulk_price": "0.59",
                        "unit_price": "1.78",
                        "approx_size": false,
                        "size_format": "ud",
                        "total_units": 300,
                        "unit_selector": true,
                        "bunch_selector": false,
                        "drained_weight": null,
                        "price_decreased": false,
                        "reference_price": "0.59",
                        "min_bunch_amount": 1.0,
                        "reference_format": "ud",
                        "increment_bunch_amount": 1.0
                    }
                }
            ],
            "is_extended": false
        },
        {
            "id": 239,
            "name": "Piles i bosses d'escombraries",
            "layout": 1,
            "products": [
                {
                    "id": "93025",
                    "limit": 1000,
                    "badges": {
                        "is_water": false,
                        "requires_age_check": false
                    },
                    "packaging": "Paquet",
                    "thumbnail": "https://prod-mercadona.imgix.net/20190521/25/93025/vlc1/93025_00_02.jpg?fit=crop&h=206&w=206",
                    "display_name": "Pila recarregable AA-P6 Premio",
                    "bunch_selector": false,
                    "price_instructions": {
                        "iva": 21,
                        "is_new": false,
                        "is_pack": false,
                        "pack_size": null,
                        "unit_name": null,
                        "unit_size": 4.0,
                        "bulk_price": "1.94",
                        "unit_price": "7.75",
                        "approx_size": false,
                        "size_format": "ud",
                        "total_units": null,
                        "unit_selector": true,
                        "bunch_selector": false,
                        "drained_weight": null,
                        "price_decreased": false,
                        "reference_price": "1.94",
                        "min_bunch_amount": 1.0,
                        "reference_format": "ud",
                        "increment_bunch_amount": 1.0
                    }
                },
                {
                    "id": "93026",
                    "limit": 1000,
                    "badges": {
                        "is_water": false,
                        "requires_age_check": false
                    },
                    "packaging": "Paquet",
                    "thumbnail": "https://prod-mercadona.imgix.net/20190521/26/93026/vlc1/93026_00_02.jpg?fit=crop&h=206&w=206",
                    "display_name": "Dispositiu carregador piles AA i AAA Premio inclou 4 piles AA",
                    "bunch_selector": false,
                    "price_instructions": {
                        "iva": 21,
                        "is_new": false,
                        "is_pack": false,
                        "pack_size": null,
                        "unit_name": null,
                        "unit_size": 1.0,
                        "bulk_price": "14.65",
                        "unit_price": "14.65",
                        "approx_size": false,
                        "size_format": "ud",
                        "total_units": null,
                        "unit_selector": true,
                        "bunch_selector": false,
                        "drained_weight": null,
                        "price_decreased": false,
                        "reference_price": "14.65",
                        "min_bunch_amount": 1.0,
                        "reference_format": "ud",
                        "increment_bunch_amount": 1.0
                    }
                },
                {
                    "id": "49048",
                    "limit": 1000,
                    "badges": {
                        "is_water": false,
                        "requires_age_check": false
                    },
                    "packaging": "Paquet",
                    "thumbnail": "https://prod-mercadona.imgix.net/20190521/48/49048/vlc1/49048_00_02.jpg?fit=crop&h=206&w=206",
                    "display_name": "Bossa d'escombraries gran Bosque Verde 50L galleda gran",
                    "bunch_selector": false,
                    "price_instructions": {
                        "iva": 21,
                        "is_new": false,
                        "is_pack": false,
                        "pack_size": null,
                        "unit_name": "bosses",
                        "unit_size": 1.0,
                        "bulk_price": "0.10",
                        "unit_price": "1.55",
                        "approx_size": false,
                        "size_format": "ud",
                        "total_units": 15,
                        "unit_selector": true,
                        "bunch_selector": false,
                        "drained_weight": null,
                        "price_decreased": false,
                        "reference_price": "0.10",
                        "min_bunch_amount": 1.0,
                        "reference_format": "ud",
                        "increment_bunch_amount": 1.0
                    }
                },
                {
                    "id": "49703",
                    "limit": 1000,
                    "badges": {
                        "is_water": false,
                        "requires_age_check": false
                    },
                    "packaging": "Paquet",
                    "thumbnail": "https://prod-mercadona.imgix.net/20190521/03/49703/vlc1/49703_00_02.jpg?fit=crop&h=206&w=206",
                    "display_name": "Bossa d'escombraries jardí Bosque Verde 100L galleda industrial",
                    "bunch_selector": false,
                    "price_instructions": {
                        "iva": 21,
                        "is_new": false,
                        "is_pack": false,
                        "pack_size": null,
                        "unit_name": "bosses",
                        "unit_size": 1.0,
                        "bulk_price": "0.28",
                        "unit_price": "2.80",
                        "approx_size": false,
                        "size_format": "ud",
                        "total_units": 10,
                        "unit_selector": true,
                        "bunch_selector": false,
                        "drained_weight": null,
                        "price_decreased": false,
                        "reference_price": "0.28",
                        "min_bunch_amount": 1.0,
                        "reference_format": "ud",
                        "increment_bunch_amount": 1.0
                    }
                },
                {
                    "id": "49704",
                    "limit": 1000,
                    "badges": {
                        "is_water": false,
                        "requires_age_check": false
                    },
                    "packaging": "Paquet",
                    "thumbnail": "https://prod-mercadona.imgix.net/20190521/04/49704/vlc1/49704_00_02.jpg?fit=crop&h=206&w=206",
                    "display_name": "Bossa d'escombraries mini Bosque Verde 10L galleda petita",
                    "bunch_selector": false,
                    "price_instructions": {
                        "iva": 21,
                        "is_new": false,
                        "is_pack": false,
                        "pack_size": null,
                        "unit_name": "bosses",
                        "unit_size": 1.0,
                        "bulk_price": "0.03",
                        "unit_price": "1.19",
                        "approx_size": false,
                        "size_format": "ud",
                        "total_units": 40,
                        "unit_selector": true,
                        "bunch_selector": false,
                        "drained_weight": null,
                        "price_decreased": false,
                        "reference_price": "0.030",
                        "min_bunch_amount": 1.0,
                        "reference_format": "ud",
                        "increment_bunch_amount": 1.0
                    }
                },
                {
                    "id": "49705",
                    "limit": 1000,
                    "badges": {
                        "is_water": false,
                        "requires_age_check": false
                    },
                    "packaging": "Paquet",
                    "thumbnail": "https://prod-mercadona.imgix.net/20190521/05/49705/vlc1/49705_00_02.jpg?fit=crop&h=206&w=206",
                    "display_name": "Bossa d'escombraries envasos Bosque Verde 30L galleda mitjana",
                    "bunch_selector": false,
                    "price_instructions": {
                        "iva": 21,
                        "is_new": false,
                        "is_pack": false,
                        "pack_size": null,
                        "unit_name": "bosses",
                        "unit_size": 1.0,
                        "bulk_price": "0.05",
                        "unit_price": "1.45",
                        "approx_size": false,
                        "size_format": "ud",
                        "total_units": 30,
                        "unit_selector": true,
                        "bunch_selector": false,
                        "drained_weight": null,
                        "price_decreased": false,
                        "reference_price": "0.048",
                        "min_bunch_amount": 1.0,
                        "reference_format": "ud",
                        "increment_bunch_amount": 1.0
                    }
                },
                {
                    "id": "49711",
                    "limit": 1000,
                    "badges": {
                        "is_water": false,
                        "requires_age_check": false
                    },
                    "packaging": "Paquet",
                    "thumbnail": "https://prod-mercadona.imgix.net/20190521/11/49711/vlc1/49711_00_02.jpg?fit=crop&h=206&w=206",
                    "display_name": "Bossa d'escombraries galleda alta Bosque Verde 30L galleda mitjana",
                    "bunch_selector": false,
                    "price_instructions": {
                        "iva": 21,
                        "is_new": false,
                        "is_pack": false,
                        "pack_size": null,
                        "unit_name": "bosses",
                        "unit_size": 1.0,
                        "bulk_price": "0.09",
                        "unit_price": "1.85",
                        "approx_size": false,
                        "size_format": "ud",
                        "total_units": 20,
                        "unit_selector": true,
                        "bunch_selector": false,
                        "drained_weight": null,
                        "price_decreased": false,
                        "reference_price": "0.092",
                        "min_bunch_amount": 1.0,
                        "reference_format": "ud",
                        "increment_bunch_amount": 1.0
                    }
                },
                {
                    "id": "49717",
                    "limit": 1000,
                    "badges": {
                        "is_water": false,
                        "requires_age_check": false
                    },
                    "packaging": "Paquet",
                    "thumbnail": "https://prod-mercadona.imgix.net/20190521/17/49717/vlc1/49717_00_02.jpg?fit=crop&h=206&w=206",
                    "display_name": "Bossa d'escombraries no compostable Bosque Verde 10L galleda petita",
                    "bunch_selector": false,
                    "price_instructions": {
                        "iva": 21,
                        "is_new": false,
                        "is_pack": false,
                        "pack_size": null,
                        "unit_name": "bosses",
                        "unit_size": 1.0,
                        "bulk_price": "0.06",
                        "unit_price": "1.10",
                        "approx_size": false,
                        "size_format": "ud",
                        "total_units": 20,
                        "unit_selector": true,
                        "bunch_selector": false,
                        "drained_weight": null,
                        "price_decreased": false,
                        "reference_price": "0.055",
                        "min_bunch_amount": 1.0,
                        "reference_format": "ud",
                        "increment_bunch_amount": 1.0
                    }
                },
                {
                    "id": "49750",
                    "limit": 1000,
                    "badges": {
                        "is_water": false,
                        "requires_age_check": false
                    },
                    "packaging": "Paquet",
                    "thumbnail": "https://prod-mercadona.imgix.net/20190521/50/49750/vlc1/49750_00_02.jpg?fit=crop&h=206&w=206",
                    "display_name": "Bossa d'escombraries Bosque Verde 30L galleda mitjana",
                    "bunch_selector": false,
                    "price_instructions": {
                        "iva": 21,
                        "is_new": false,
                        "is_pack": false,
                        "pack_size": null,
                        "unit_name": "bosses",
                        "unit_size": 1.0,
                        "bulk_price": "0.04",
                        "unit_price": "1.45",
                        "approx_size": false,
                        "size_format": "ud",
                        "total_units": 40,
                        "unit_selector": true,
                        "bunch_selector": false,
                        "drained_weight": null,
                        "price_decreased": false,
                        "reference_price": "0.036",
                        "min_bunch_amount": 1.0,
                        "reference_format": "ud",
                        "increment_bunch_amount": 1.0
                    }
                },
                {
                    "id": "49752",
                    "limit": 1000,
                    "badges": {
                        "is_water": false,
                        "requires_age_check": false
                    },
                    "packaging": "Paquet",
                    "thumbnail": "https://prod-mercadona.imgix.net/20190521/52/49752/vlc1/49752_00_02.jpg?fit=crop&h=206&w=206",
                    "display_name": "Bossa d'escombraries extra Bosque Verde 30L galleda mitjana",
                    "bunch_selector": false,
                    "price_instructions": {
                        "iva": 21,
                        "is_new": false,
                        "is_pack": false,
                        "pack_size": null,
                        "unit_name": "bosses",
                        "unit_size": 1.0,
                        "bulk_price": "0.07",
                        "unit_price": "1.35",
                        "approx_size": false,
                        "size_format": "ud",
                        "total_units": 20,
                        "unit_selector": true,
                        "bunch_selector": false,
                        "drained_weight": null,
                        "price_decreased": false,
                        "reference_price": "0.068",
                        "min_bunch_amount": 1.0,
                        "reference_format": "ud",
                        "increment_bunch_amount": 1.0
                    }
                },
                {
                    "id": "49755",
                    "limit": 1000,
                    "badges": {
                        "is_water": false,
                        "requires_age_check": false
                    },
                    "packaging": "Paquet",
                    "thumbnail": "https://prod-mercadona.imgix.net/20190521/55/49755/vlc1/49755_00_02.jpg?fit=crop&h=206&w=206",
                    "display_name": "Bossa d'escombraries sac Bosque Verde 100L galleda industrial",
                    "bunch_selector": false,
                    "price_instructions": {
                        "iva": 21,
                        "is_new": false,
                        "is_pack": false,
                        "pack_size": null,
                        "unit_name": "bosses",
                        "unit_size": 1.0,
                        "bulk_price": "0.12",
                        "unit_price": "1.25",
                        "approx_size": false,
                        "size_format": "ud",
                        "total_units": 10,
                        "unit_selector": true,
                        "bunch_selector": false,
                        "drained_weight": null,
                        "price_decreased": false,
                        "reference_price": "0.12",
                        "min_bunch_amount": 1.0,
                        "reference_format": "ud",
                        "increment_bunch_amount": 1.0
                    }
                },
                {
                    "id": "71535",
                    "limit": 1000,
                    "badges": {
                        "is_water": false,
                        "requires_age_check": false
                    },
                    "packaging": "Paquet",
                    "thumbnail": "https://prod-mercadona.imgix.net/20190521/35/71535/vlc1/71535_00_02.jpg?fit=crop&h=206&w=206",
                    "display_name": "Serradures J.Adrian",
                    "bunch_selector": false,
                    "price_instructions": {
                        "iva": 21,
                        "is_new": false,
                        "is_pack": false,
                        "pack_size": null,
                        "unit_name": null,
                        "unit_size": 1.0,
                        "bulk_price": "0.75",
                        "unit_price": "0.75",
                        "approx_size": false,
                        "size_format": "kg",
                        "total_units": null,
                        "unit_selector": true,
                        "bunch_selector": false,
                        "drained_weight": null,
                        "price_decreased": false,
                        "reference_price": "0.75",
                        "min_bunch_amount": 1.0,
                        "reference_format": "kg",
                        "increment_bunch_amount": 1.0
                    }
                },
                {
                    "id": "93407",
                    "limit": 1000,
                    "badges": {
                        "is_water": false,
                        "requires_age_check": false
                    },
                    "packaging": "Paquet",
                    "thumbnail": "https://prod-mercadona.imgix.net/20190521/07/93407/vlc1/93407_00_00.jpg?fit=crop&h=206&w=206",
                    "display_name": "Pila superalcalina D-LR20 Premio",
                    "bunch_selector": false,
                    "price_instructions": {
                        "iva": 21,
                        "is_new": false,
                        "is_pack": false,
                        "pack_size": null,
                        "unit_name": null,
                        "unit_size": 2.0,
                        "bulk_price": "0.95",
                        "unit_price": "1.90",
                        "approx_size": false,
                        "size_format": "ud",
                        "total_units": null,
                        "unit_selector": true,
                        "bunch_selector": false,
                        "drained_weight": null,
                        "price_decreased": false,
                        "reference_price": "0.95",
                        "min_bunch_amount": 1.0,
                        "reference_format": "ud",
                        "increment_bunch_amount": 1.0
                    }
                },
                {
                    "id": "93413",
                    "limit": 1000,
                    "badges": {
                        "is_water": false,
                        "requires_age_check": false
                    },
                    "packaging": "Paquet",
                    "thumbnail": "https://prod-mercadona.imgix.net/20190521/13/93413/vlc1/93413_00_00.jpg?fit=crop&h=206&w=206",
                    "display_name": "Pila superalcalina C-LR14 Premio",
                    "bunch_selector": false,
                    "price_instructions": {
                        "iva": 21,
                        "is_new": false,
                        "is_pack": false,
                        "pack_size": null,
                        "unit_name": null,
                        "unit_size": 2.0,
                        "bulk_price": "0.95",
                        "unit_price": "1.90",
                        "approx_size": false,
                        "size_format": "ud",
                        "total_units": null,
                        "unit_selector": true,
                        "bunch_selector": false,
                        "drained_weight": null,
                        "price_decreased": false,
                        "reference_price": "0.95",
                        "min_bunch_amount": 1.0,
                        "reference_format": "ud",
                        "increment_bunch_amount": 1.0
                    }
                },
                {
                    "id": "93423",
                    "limit": 1000,
                    "badges": {
                        "is_water": false,
                        "requires_age_check": false
                    },
                    "packaging": "Paquet",
                    "thumbnail": "https://prod-mercadona.imgix.net/20190521/23/93423/vlc1/93423_00_00.jpg?fit=crop&h=206&w=206",
                    "display_name": "Pila superalcalina 9V-6LR61 Premio",
                    "bunch_selector": false,
                    "price_instructions": {
                        "iva": 21,
                        "is_new": false,
                        "is_pack": false,
                        "pack_size": null,
                        "unit_name": null,
                        "unit_size": 1.0,
                        "bulk_price": "1.50",
                        "unit_price": "1.50",
                        "approx_size": false,
                        "size_format": "ud",
                        "total_units": null,
                        "unit_selector": true,
                        "bunch_selector": false,
                        "drained_weight": null,
                        "price_decreased": false,
                        "reference_price": "1.50",
                        "min_bunch_amount": 1.0,
                        "reference_format": "ud",
                        "increment_bunch_amount": 1.0
                    }
                },
                {
                    "id": "93424",
                    "limit": 1000,
                    "badges": {
                        "is_water": false,
                        "requires_age_check": false
                    },
                    "packaging": "Paquet",
                    "thumbnail": "https://prod-mercadona.imgix.net/20190521/24/93424/vlc1/93424_00_00.jpg?fit=crop&h=206&w=206",
                    "display_name": "Pila superalcalina AAA LR03 Premio",
                    "bunch_selector": false,
                    "price_instructions": {
                        "iva": 21,
                        "is_new": false,
                        "is_pack": false,
                        "pack_size": null,
                        "unit_name": null,
                        "unit_size": 8.0,
                        "bulk_price": "0.21",
                        "unit_price": "1.70",
                        "approx_size": false,
                        "size_format": "ud",
                        "total_units": null,
                        "unit_selector": true,
                        "bunch_selector": false,
                        "drained_weight": null,
                        "price_decreased": false,
                        "reference_price": "0.21",
                        "min_bunch_amount": 1.0,
                        "reference_format": "ud",
                        "increment_bunch_amount": 1.0
                    }
                },
                {
                    "id": "93438",
                    "limit": 1000,
                    "badges": {
                        "is_water": false,
                        "requires_age_check": false
                    },
                    "packaging": "Paquet",
                    "thumbnail": "https://prod-mercadona.imgix.net/20190521/38/93438/vlc1/93438_00_00.jpg?fit=crop&h=206&w=206",
                    "display_name": "Pila superalcalina AA-LR6 Premio",
                    "bunch_selector": false,
                    "price_instructions": {
                        "iva": 21,
                        "is_new": false,
                        "is_pack": false,
                        "pack_size": null,
                        "unit_name": null,
                        "unit_size": 8.0,
                        "bulk_price": "0.21",
                        "unit_price": "1.70",
                        "approx_size": false,
                        "size_format": "ud",
                        "total_units": null,
                        "unit_selector": true,
                        "bunch_selector": false,
                        "drained_weight": null,
                        "price_decreased": false,
                        "reference_price": "0.21",
                        "min_bunch_amount": 1.0,
                        "reference_format": "ud",
                        "increment_bunch_amount": 1.0
                    }
                },
                {
                    "id": "93439",
                    "limit": 1000,
                    "badges": {
                        "is_water": false,
                        "requires_age_check": false
                    },
                    "packaging": "Paquet",
                    "thumbnail": "https://prod-mercadona.imgix.net/20190521/39/93439/vlc1/93439_00_00.jpg?fit=crop&h=206&w=206",
                    "display_name": "Pila botó CR2032 Panasonic",
                    "bunch_selector": false,
                    "price_instructions": {
                        "iva": 21,
                        "is_new": false,
                        "is_pack": false,
                        "pack_size": null,
                        "unit_name": null,
                        "unit_size": 1.0,
                        "bulk_price": "2.60",
                        "unit_price": "2.60",
                        "approx_size": false,
                        "size_format": "ud",
                        "total_units": null,
                        "unit_selector": true,
                        "bunch_selector": false,
                        "drained_weight": null,
                        "price_decreased": false,
                        "reference_price": "2.60",
                        "min_bunch_amount": 1.0,
                        "reference_format": "ud",
                        "increment_bunch_amount": 1.0
                    }
                },
                {
                    "id": "93448",
                    "limit": 1000,
                    "badges": {
                        "is_water": false,
                        "requires_age_check": false
                    },
                    "packaging": "Paquet",
                    "thumbnail": "https://prod-mercadona.imgix.net/20190521/48/93448/vlc1/93448_00_00.jpg?fit=crop&h=206&w=206",
                    "display_name": "Pila microalcalina LRV08 Panasonic",
                    "bunch_selector": false,
                    "price_instructions": {
                        "iva": 21,
                        "is_new": false,
                        "is_pack": false,
                        "pack_size": null,
                        "unit_name": null,
                        "unit_size": 1.0,
                        "bulk_price": "1.90",
                        "unit_price": "1.90",
                        "approx_size": false,
                        "size_format": "ud",
                        "total_units": null,
                        "unit_selector": true,
                        "bunch_selector": false,
                        "drained_weight": null,
                        "price_decreased": false,
                        "reference_price": "1.90",
                        "min_bunch_amount": 1.0,
                        "reference_format": "ud",
                        "increment_bunch_amount": 1.0
                    }
                },
                {
                    "id": "93452",
                    "limit": 1000,
                    "badges": {
                        "is_water": false,
                        "requires_age_check": false
                    },
                    "packaging": "Paquet",
                    "thumbnail": "https://prod-mercadona.imgix.net/20190521/52/93452/vlc1/93452_00_00.jpg?fit=crop&h=206&w=206",
                    "display_name": "Pila botó microalcalina LR44 Panasonic",
                    "bunch_selector": false,
                    "price_instructions": {
                        "iva": 21,
                        "is_new": false,
                        "is_pack": false,
                        "pack_size": null,
                        "unit_name": null,
                        "unit_size": 2.0,
                        "bulk_price": "1.30",
                        "unit_price": "2.60",
                        "approx_size": false,
                        "size_format": "ud",
                        "total_units": null,
                        "unit_selector": true,
                        "bunch_selector": false,
                        "drained_weight": null,
                        "price_decreased": false,
                        "reference_price": "1.30",
                        "min_bunch_amount": 1.0,
                        "reference_format": "ud",
                        "increment_bunch_amount": 1.0
                    }
                },
                {
                    "id": "93456",
                    "limit": 1000,
                    "badges": {
                        "is_water": false,
                        "requires_age_check": false
                    },
                    "packaging": "Paquet",
                    "thumbnail": "https://prod-mercadona.imgix.net/20190521/56/93456/vlc1/93456_00_00.jpg?fit=crop&h=206&w=206",
                    "display_name": "Pila superalcalina AAA-LR03 Premio",
                    "bunch_selector": false,
                    "price_instructions": {
                        "iva": 21,
                        "is_new": false,
                        "is_pack": false,
                        "pack_size": null,
                        "unit_name": null,
                        "unit_size": 16.0,
                        "bulk_price": "0.18",
                        "unit_price": "2.85",
                        "approx_size": false,
                        "size_format": "ud",
                        "total_units": null,
                        "unit_selector": true,
                        "bunch_selector": false,
                        "drained_weight": null,
                        "price_decreased": false,
                        "reference_price": "0.18",
                        "min_bunch_amount": 1.0,
                        "reference_format": "ud",
                        "increment_bunch_amount": 1.0
                    }
                },
                {
                    "id": "93457",
                    "limit": 1000,
                    "badges": {
                        "is_water": false,
                        "requires_age_check": false
                    },
                    "packaging": "Paquet",
                    "thumbnail": "https://prod-mercadona.imgix.net/20190521/57/93457/vlc1/93457_00_00.jpg?fit=crop&h=206&w=206",
                    "display_name": "Pila superalcalina AA-LR6 Premio",
                    "bunch_selector": false,
                    "price_instructions": {
                        "iva": 21,
                        "is_new": false,
                        "is_pack": false,
                        "pack_size": null,
                        "unit_name": null,
                        "unit_size": 16.0,
                        "bulk_price": "0.18",
                        "unit_price": "2.85",
                        "approx_size": false,
                        "size_format": "ud",
                        "total_units": null,
                        "unit_selector": true,
                        "bunch_selector": false,
                        "drained_weight": null,
                        "price_decreased": false,
                        "reference_price": "0.18",
                        "min_bunch_amount": 1.0,
                        "reference_format": "ud",
                        "increment_bunch_amount": 1.0
                    }
                },
                {
                    "id": "93024",
                    "limit": 1000,
                    "badges": {
                        "is_water": false,
                        "requires_age_check": false
                    },
                    "packaging": "Paquet",
                    "thumbnail": "https://prod-mercadona.imgix.net/20190521/24/93024/vlc1/93024_00_02.jpg?fit=crop&h=206&w=206",
                    "display_name": "Pila recarregable AAA-P03 Premio",
                    "bunch_selector": false,
                    "price_instructions": {
                        "iva": 21,
                        "is_new": false,
                        "is_pack": false,
                        "pack_size": null,
                        "unit_name": null,
                        "unit_size": 4.0,
                        "bulk_price": "1.94",
                        "unit_price": "7.75",
                        "approx_size": false,
                        "size_format": "ud",
                        "total_units": null,
                        "unit_selector": true,
                        "bunch_selector": false,
                        "drained_weight": null,
                        "price_decreased": false,
                        "reference_price": "1.94",
                        "min_bunch_amount": 1.0,
                        "reference_format": "ud",
                        "increment_bunch_amount": 1.0
                    }
                },
                {
                    "id": "49702",
                    "limit": 1000,
                    "badges": {
                        "is_water": false,
                        "requires_age_check": false
                    },
                    "packaging": "Paquet",
                    "thumbnail": "https://prod-mercadona.imgix.net/20190521/02/49702/vlc1/49702_00_02.jpg?fit=crop&h=206&w=206",
                    "display_name": "Bossa d'escombraries compostable Bosque Verde 9L galleda petita especial",
                    "bunch_selector": false,
                    "price_instructions": {
                        "iva": 21,
                        "is_new": false,
                        "is_pack": false,
                        "pack_size": null,
                        "unit_name": "bosses",
                        "unit_size": 1.0,
                        "bulk_price": "0.11",
                        "unit_price": "1.70",
                        "approx_size": false,
                        "size_format": "ud",
                        "total_units": 15,
                        "unit_selector": true,
                        "bunch_selector": false,
                        "drained_weight": null,
                        "price_decreased": false,
                        "reference_price": "0.11",
                        "min_bunch_amount": 1.0,
                        "reference_format": "ud",
                        "increment_bunch_amount": 1.0
                    }
                }
            ],
            "is_extended": false
        },
        {
            "id": 244,
            "name": "Estris de neteja i calçat",
            "layout": 1,
            "products": [
                {
                    "id": "48811",
                    "limit": 1000,
                    "badges": {
                        "is_water": false,
                        "requires_age_check": false
                    },
                    "packaging": "Paquet",
                    "thumbnail": "https://prod-mercadona.imgix.net/20190521/11/48811/vlc1/48811_00_02.jpg?fit=crop&h=206&w=206",
                    "display_name": "Agulles d'estendre de plàstic Bosque Verde",
                    "bunch_selector": false,
                    "price_instructions": {
                        "iva": 21,
                        "is_new": false,
                        "is_pack": false,
                        "pack_size": null,
                        "unit_name": null,
                        "unit_size": 24.0,
                        "bulk_price": "0.03",
                        "unit_price": "0.69",
                        "approx_size": false,
                        "size_format": "ud",
                        "total_units": null,
                        "unit_selector": true,
                        "bunch_selector": false,
                        "drained_weight": null,
                        "price_decreased": false,
                        "reference_price": "0.029",
                        "min_bunch_amount": 1.0,
                        "reference_format": "ud",
                        "increment_bunch_amount": 1.0
                    }
                },
                {
                    "id": "71702",
                    "limit": 1000,
                    "badges": {
                        "is_water": false,
                        "requires_age_check": false
                    },
                    "packaging": null,
                    "thumbnail": "https://prod-mercadona.imgix.net/20190521/02/71702/vlc1/71702_00_02.jpg?fit=crop&h=206&w=206",
                    "display_name": "Corró per treure pelussa Bosque Verde",
                    "bunch_selector": false,
                    "price_instructions": {
                        "iva": 21,
                        "is_new": false,
                        "is_pack": false,
                        "pack_size": null,
                        "unit_name": null,
                        "unit_size": 1.0,
                        "bulk_price": "1.75",
                        "unit_price": "1.75",
                        "approx_size": false,
                        "size_format": "ud",
                        "total_units": null,
                        "unit_selector": true,
                        "bunch_selector": false,
                        "drained_weight": null,
                        "price_decreased": false,
                        "reference_price": "1.75",
                        "min_bunch_amount": 1.0,
                        "reference_format": "ud",
                        "increment_bunch_amount": 1.0
                    }
                },
                {
                    "id": "48805",
                    "limit": 1000,
                    "badges": {
                        "is_water": false,
                        "requires_age_check": false
                    },
                    "packaging": "Paquet",
                    "thumbnail": "https://prod-mercadona.imgix.net/20190521/05/48805/vlc1/48805_00_02.jpg?fit=crop&h=206&w=206",
                    "display_name": "Tendal multiusos Bosque Verde",
                    "bunch_selector": false,
                    "price_instructions": {
                        "iva": 21,
                        "is_new": false,
                        "is_pack": false,
                        "pack_size": null,
                        "unit_name": null,
                        "unit_size": 1.0,
                        "bulk_price": "1.85",
                        "unit_price": "1.85",
                        "approx_size": false,
                        "size_format": "ud",
                        "total_units": null,
                        "unit_selector": true,
                        "bunch_selector": false,
                        "drained_weight": null,
                        "price_decreased": false,
                        "reference_price": "1.85",
                        "min_bunch_amount": 1.0,
                        "reference_format": "ud",
                        "increment_bunch_amount": 1.0
                    }
                },
                {
                    "id": "48817",
                    "limit": 1000,
                    "badges": {
                        "is_water": false,
                        "requires_age_check": false
                    },
                    "packaging": "Paquet",
                    "thumbnail": "https://prod-mercadona.imgix.net/20190521/17/48817/vlc1/48817_00_02.jpg?fit=crop&h=206&w=206",
                    "display_name": "Funda per rentar Bosque Verde",
                    "bunch_selector": false,
                    "price_instructions": {
                        "iva": 21,
                        "is_new": false,
                        "is_pack": false,
                        "pack_size": null,
                        "unit_name": null,
                        "unit_size": 1.0,
                        "bulk_price": "2.70",
                        "unit_price": "2.70",
                        "approx_size": false,
                        "size_format": "ud",
                        "total_units": null,
                        "unit_selector": true,
                        "bunch_selector": false,
                        "drained_weight": null,
                        "price_decreased": false,
                        "reference_price": "2.70",
                        "min_bunch_amount": 1.0,
                        "reference_format": "ud",
                        "increment_bunch_amount": 1.0
                    }
                },
                {
                    "id": "71023",
                    "limit": 1000,
                    "badges": {
                        "is_water": false,
                        "requires_age_check": false
                    },
                    "packaging": null,
                    "thumbnail": "https://prod-mercadona.imgix.net/20190521/23/71023/vlc1/71023_00_01.jpg?fit=crop&h=206&w=206",
                    "display_name": "Raspall de roba Bosque Verde",
                    "bunch_selector": false,
                    "price_instructions": {
                        "iva": 21,
                        "is_new": false,
                        "is_pack": false,
                        "pack_size": null,
                        "unit_name": null,
                        "unit_size": 1.0,
                        "bulk_price": "1.75",
                        "unit_price": "1.75",
                        "approx_size": false,
                        "size_format": "ud",
                        "total_units": null,
                        "unit_selector": true,
                        "bunch_selector": false,
                        "drained_weight": null,
                        "price_decreased": false,
                        "reference_price": "1.75",
                        "min_bunch_amount": 1.0,
                        "reference_format": "ud",
                        "increment_bunch_amount": 1.0
                    }
                },
                {
                    "id": "71645",
                    "limit": 1000,
                    "badges": {
                        "is_water": false,
                        "requires_age_check": false
                    },
                    "packaging": "Paquet",
                    "thumbnail": "https://prod-mercadona.imgix.net/20190521/45/71645/vlc1/71645_00_00.jpg?fit=crop&h=206&w=206",
                    "display_name": "Plantilles petites pell mitja sola punta Comfort Fresh",
                    "bunch_selector": false,
                    "price_instructions": {
                        "iva": 21,
                        "is_new": false,
                        "is_pack": false,
                        "pack_size": null,
                        "unit_name": null,
                        "unit_size": 2.0,
                        "bulk_price": "1.08",
                        "unit_price": "2.15",
                        "approx_size": false,
                        "size_format": "ud",
                        "total_units": null,
                        "unit_selector": true,
                        "bunch_selector": false,
                        "drained_weight": null,
                        "price_decreased": false,
                        "reference_price": "1.08",
                        "min_bunch_amount": 1.0,
                        "reference_format": "ud",
                        "increment_bunch_amount": 1.0
                    }
                },
                {
                    "id": "71135",
                    "limit": 1000,
                    "badges": {
                        "is_water": false,
                        "requires_age_check": false
                    },
                    "packaging": "Paquet",
                    "thumbnail": "https://prod-mercadona.imgix.net/20190521/35/71135/vlc1/71135_00_00.jpg?fit=crop&h=206&w=206",
                    "display_name": "Cordons negres calçat esport",
                    "bunch_selector": false,
                    "price_instructions": {
                        "iva": 21,
                        "is_new": false,
                        "is_pack": false,
                        "pack_size": null,
                        "unit_name": null,
                        "unit_size": 2.0,
                        "bulk_price": "0.60",
                        "unit_price": "1.20",
                        "approx_size": false,
                        "size_format": "ud",
                        "total_units": null,
                        "unit_selector": true,
                        "bunch_selector": false,
                        "drained_weight": null,
                        "price_decreased": false,
                        "reference_price": "0.60",
                        "min_bunch_amount": 1.0,
                        "reference_format": "ud",
                        "increment_bunch_amount": 1.0
                    }
                },
                {
                    "id": "71132",
                    "limit": 1000,
                    "badges": {
                        "is_water": false,
                        "requires_age_check": false
                    },
                    "packaging": "Paquet",
                    "thumbnail": "https://prod-mercadona.imgix.net/20190521/32/71132/vlc1/71132_00_00.jpg?fit=crop&h=206&w=206",
                    "display_name": "Cordons blancs sabatilla esportiva",
                    "bunch_selector": false,
                    "price_instructions": {
                        "iva": 21,
                        "is_new": false,
                        "is_pack": false,
                        "pack_size": null,
                        "unit_name": null,
                        "unit_size": 2.0,
                        "bulk_price": "0.60",
                        "unit_price": "1.20",
                        "approx_size": false,
                        "size_format": "ud",
                        "total_units": null,
                        "unit_selector": true,
                        "bunch_selector": false,
                        "drained_weight": null,
                        "price_decreased": false,
                        "reference_price": "0.60",
                        "min_bunch_amount": 1.0,
                        "reference_format": "ud",
                        "increment_bunch_amount": 1.0
                    }
                },
                {
                    "id": "71130",
                    "limit": 1000,
                    "badges": {
                        "is_water": false,
                        "requires_age_check": false
                    },
                    "packaging": "Paquet",
                    "thumbnail": "https://prod-mercadona.imgix.net/20190521/30/71130/vlc1/71130_00_00.jpg?fit=crop&h=206&w=206",
                    "display_name": "Cordons negres sabata de vestir",
                    "bunch_selector": false,
                    "price_instructions": {
                        "iva": 21,
                        "is_new": false,
                        "is_pack": false,
                        "pack_size": null,
                        "unit_name": null,
                        "unit_size": 2.0,
                        "bulk_price": "0.60",
                        "unit_price": "1.20",
                        "approx_size": false,
                        "size_format": "ud",
                        "total_units": null,
                        "unit_selector": true,
                        "bunch_selector": false,
                        "drained_weight": null,
                        "price_decreased": false,
                        "reference_price": "0.60",
                        "min_bunch_amount": 1.0,
                        "reference_format": "ud",
                        "increment_bunch_amount": 1.0
                    }
                },
                {
                    "id": "71134",
                    "limit": 1000,
                    "badges": {
                        "is_water": false,
                        "requires_age_check": false
                    },
                    "packaging": "Paquet",
                    "thumbnail": "https://prod-mercadona.imgix.net/20190521/34/71134/vlc1/71134_00_00.jpg?fit=crop&h=206&w=206",
                    "display_name": "Cordons marrons calçat esport",
                    "bunch_selector": false,
                    "price_instructions": {
                        "iva": 21,
                        "is_new": false,
                        "is_pack": false,
                        "pack_size": null,
                        "unit_name": null,
                        "unit_size": 2.0,
                        "bulk_price": "0.60",
                        "unit_price": "1.20",
                        "approx_size": false,
                        "size_format": "ud",
                        "total_units": null,
                        "unit_selector": true,
                        "bunch_selector": false,
                        "drained_weight": null,
                        "price_decreased": false,
                        "reference_price": "0.60",
                        "min_bunch_amount": 1.0,
                        "reference_format": "ud",
                        "increment_bunch_amount": 1.0
                    }
                },
                {
                    "id": "71131",
                    "limit": 1000,
                    "badges": {
                        "is_water": false,
                        "requires_age_check": false
                    },
                    "packaging": "Paquet",
                    "thumbnail": "https://prod-mercadona.imgix.net/20190521/31/71131/vlc1/71131_00_00.jpg?fit=crop&h=206&w=206",
                    "display_name": "Cordons marrons sabata de vestir",
                    "bunch_selector": false,
                    "price_instructions": {
                        "iva": 21,
                        "is_new": false,
                        "is_pack": false,
                        "pack_size": null,
                        "unit_name": null,
                        "unit_size": 2.0,
                        "bulk_price": "0.60",
                        "unit_price": "1.20",
                        "approx_size": false,
                        "size_format": "ud",
                        "total_units": null,
                        "unit_selector": true,
                        "bunch_selector": false,
                        "drained_weight": null,
                        "price_decreased": false,
                        "reference_price": "0.60",
                        "min_bunch_amount": 1.0,
                        "reference_format": "ud",
                        "increment_bunch_amount": 1.0
                    }
                },
                {
                    "id": "71158",
                    "limit": 1000,
                    "badges": {
                        "is_water": false,
                        "requires_age_check": false
                    },
                    "packaging": null,
                    "thumbnail": "https://prod-mercadona.imgix.net/20190521/58/71158/vlc1/71158_00_02.jpg?fit=crop&h=206&w=206",
                    "display_name": "Mànec escombra / pal de fregar Bosque Verde 120 cm",
                    "bunch_selector": false,
                    "price_instructions": {
                        "iva": 21,
                        "is_new": false,
                        "is_pack": false,
                        "pack_size": null,
                        "unit_name": null,
                        "unit_size": 1.0,
                        "bulk_price": "0.75",
                        "unit_price": "0.75",
                        "approx_size": false,
                        "size_format": "ud",
                        "total_units": null,
                        "unit_selector": true,
                        "bunch_selector": false,
                        "drained_weight": null,
                        "price_decreased": false,
                        "reference_price": "0.75",
                        "min_bunch_amount": 1.0,
                        "reference_format": "ud",
                        "increment_bunch_amount": 1.0
                    }
                },
                {
                    "id": "71165",
                    "limit": 1000,
                    "badges": {
                        "is_water": false,
                        "requires_age_check": false
                    },
                    "packaging": null,
                    "thumbnail": "https://prod-mercadona.imgix.net/20190521/65/71165/vlc1/71165_00_01.jpg?fit=crop&h=206&w=206",
                    "display_name": "Raspall per rentar amb nansa Bosque Verde",
                    "bunch_selector": false,
                    "price_instructions": {
                        "iva": 21,
                        "is_new": false,
                        "is_pack": false,
                        "pack_size": null,
                        "unit_name": null,
                        "unit_size": 1.0,
                        "bulk_price": "1.20",
                        "unit_price": "1.20",
                        "approx_size": false,
                        "size_format": "ud",
                        "total_units": null,
                        "unit_selector": true,
                        "bunch_selector": false,
                        "drained_weight": null,
                        "price_decreased": false,
                        "reference_price": "1.20",
                        "min_bunch_amount": 1.0,
                        "reference_format": "ud",
                        "increment_bunch_amount": 1.0
                    }
                },
                {
                    "id": "48633",
                    "limit": 1000,
                    "badges": {
                        "is_water": false,
                        "requires_age_check": false
                    },
                    "packaging": "Galleda",
                    "thumbnail": "https://prod-mercadona.imgix.net/20190521/33/48633/vlc1/48633_00_00.jpg?fit=crop&h=206&w=206",
                    "display_name": "Galleda de les escombraries amb pedal 22L Bosque Verde eco",
                    "bunch_selector": false,
                    "price_instructions": {
                        "iva": 21,
                        "is_new": false,
                        "is_pack": false,
                        "pack_size": null,
                        "unit_name": null,
                        "unit_size": 1.0,
                        "bulk_price": "6.65",
                        "unit_price": "6.65",
                        "approx_size": false,
                        "size_format": "ud",
                        "total_units": null,
                        "unit_selector": true,
                        "bunch_selector": false,
                        "drained_weight": null,
                        "price_decreased": false,
                        "reference_price": "6.65",
                        "min_bunch_amount": 1.0,
                        "reference_format": "ud",
                        "increment_bunch_amount": 1.0
                    }
                },
                {
                    "id": "71502",
                    "limit": 1000,
                    "badges": {
                        "is_water": false,
                        "requires_age_check": false
                    },
                    "packaging": "Paquet",
                    "thumbnail": "https://prod-mercadona.imgix.net/20190521/02/71502/vlc1/71502_00_02.jpg?fit=crop&h=206&w=206",
                    "display_name": "Plataforma tiràs gran abrillantador Bosque Verde",
                    "bunch_selector": false,
                    "price_instructions": {
                        "iva": 21,
                        "is_new": false,
                        "is_pack": false,
                        "pack_size": null,
                        "unit_name": null,
                        "unit_size": 1.0,
                        "bulk_price": "2.70",
                        "unit_price": "2.70",
                        "approx_size": false,
                        "size_format": "ud",
                        "total_units": null,
                        "unit_selector": true,
                        "bunch_selector": false,
                        "drained_weight": null,
                        "price_decreased": false,
                        "reference_price": "2.70",
                        "min_bunch_amount": 1.0,
                        "reference_format": "ud",
                        "increment_bunch_amount": 1.0
                    }
                },
                {
                    "id": "48621",
                    "limit": 1000,
                    "badges": {
                        "is_water": false,
                        "requires_age_check": false
                    },
                    "packaging": null,
                    "thumbnail": "https://prod-mercadona.imgix.net/20190521/21/48621/vlc1/48621_00_00.jpg?fit=crop&h=206&w=206",
                    "display_name": "Escorredor per a galleda ovalada Bosque Verde escurrebé",
                    "bunch_selector": false,
                    "price_instructions": {
                        "iva": 21,
                        "is_new": false,
                        "is_pack": false,
                        "pack_size": null,
                        "unit_name": null,
                        "unit_size": 1.0,
                        "bulk_price": "2.25",
                        "unit_price": "2.25",
                        "approx_size": false,
                        "size_format": "ud",
                        "total_units": null,
                        "unit_selector": true,
                        "bunch_selector": false,
                        "drained_weight": null,
                        "price_decreased": false,
                        "reference_price": "2.25",
                        "min_bunch_amount": 1.0,
                        "reference_format": "ud",
                        "increment_bunch_amount": 1.0
                    }
                },
                {
                    "id": "48616",
                    "limit": 1000,
                    "badges": {
                        "is_water": false,
                        "requires_age_check": false
                    },
                    "packaging": "Galleda",
                    "thumbnail": "https://prod-mercadona.imgix.net/20190521/16/48616/vlc1/48616_00_00.jpg?fit=crop&h=206&w=206",
                    "display_name": "Galleda rodona Bosque Verde",
                    "bunch_selector": false,
                    "price_instructions": {
                        "iva": 21,
                        "is_new": false,
                        "is_pack": false,
                        "pack_size": null,
                        "unit_name": null,
                        "unit_size": 1.0,
                        "bulk_price": "2.00",
                        "unit_price": "2.00",
                        "approx_size": false,
                        "size_format": "ud",
                        "total_units": null,
                        "unit_selector": true,
                        "bunch_selector": false,
                        "drained_weight": null,
                        "price_decreased": false,
                        "reference_price": "2.00",
                        "min_bunch_amount": 1.0,
                        "reference_format": "ud",
                        "increment_bunch_amount": 1.0
                    }
                },
                {
                    "id": "48003",
                    "limit": 1000,
                    "badges": {
                        "is_water": false,
                        "requires_age_check": false
                    },
                    "packaging": null,
                    "thumbnail": "https://prod-mercadona.imgix.net/20190521/03/48003/vlc1/48003_00_02.jpg?fit=crop&h=206&w=206",
                    "display_name": "Netejavidres amb mànec Bosque Verde",
                    "bunch_selector": false,
                    "price_instructions": {
                        "iva": 21,
                        "is_new": false,
                        "is_pack": false,
                        "pack_size": null,
                        "unit_name": null,
                        "unit_size": 1.0,
                        "bulk_price": "1.50",
                        "unit_price": "1.50",
                        "approx_size": false,
                        "size_format": "ud",
                        "total_units": null,
                        "unit_selector": true,
                        "bunch_selector": false,
                        "drained_weight": null,
                        "price_decreased": false,
                        "reference_price": "1.50",
                        "min_bunch_amount": 0.0,
                        "reference_format": "ud",
                        "increment_bunch_amount": 0.0
                    }
                },
                {
                    "id": "48610",
                    "limit": 1000,
                    "badges": {
                        "is_water": false,
                        "requires_age_check": false
                    },
                    "packaging": null,
                    "thumbnail": "https://prod-mercadona.imgix.net/20190521/10/48610/vlc1/48610_00_03.jpg?fit=crop&h=206&w=206",
                    "display_name": "Gibrell rodó 9 l Bosque Verde",
                    "bunch_selector": false,
                    "price_instructions": {
                        "iva": 21,
                        "is_new": false,
                        "is_pack": false,
                        "pack_size": null,
                        "unit_name": null,
                        "unit_size": 1.0,
                        "bulk_price": "1.90",
                        "unit_price": "1.90",
                        "approx_size": false,
                        "size_format": "ud",
                        "total_units": null,
                        "unit_selector": true,
                        "bunch_selector": false,
                        "drained_weight": null,
                        "price_decreased": false,
                        "reference_price": "1.90",
                        "min_bunch_amount": 1.0,
                        "reference_format": "ud",
                        "increment_bunch_amount": 1.0
                    }
                },
                {
                    "id": "48008",
                    "limit": 1000,
                    "badges": {
                        "is_water": false,
                        "requires_age_check": false
                    },
                    "packaging": "Paquet",
                    "thumbnail": "https://prod-mercadona.imgix.net/20190521/08/48008/vlc1/48008_00_02.jpg?fit=crop&h=206&w=206",
                    "display_name": "Agulles d'estendre de plàstic Bosque Verde gegants",
                    "bunch_selector": false,
                    "price_instructions": {
                        "iva": 21,
                        "is_new": false,
                        "is_pack": false,
                        "pack_size": null,
                        "unit_name": null,
                        "unit_size": 12.0,
                        "bulk_price": "0.10",
                        "unit_price": "1.25",
                        "approx_size": false,
                        "size_format": "ud",
                        "total_units": null,
                        "unit_selector": true,
                        "bunch_selector": false,
                        "drained_weight": null,
                        "price_decreased": false,
                        "reference_price": "0.10",
                        "min_bunch_amount": 1.0,
                        "reference_format": "ud",
                        "increment_bunch_amount": 1.0
                    }
                },
                {
                    "id": "48804",
                    "limit": 1000,
                    "badges": {
                        "is_water": false,
                        "requires_age_check": false
                    },
                    "packaging": "Paquet",
                    "thumbnail": "https://prod-mercadona.imgix.net/20190521/04/48804/vlc1/48804_00_02.jpg?fit=crop&h=206&w=206",
                    "display_name": "Fundes guarda-roba transparents Bosque Verde",
                    "bunch_selector": false,
                    "price_instructions": {
                        "iva": 21,
                        "is_new": false,
                        "is_pack": false,
                        "pack_size": null,
                        "unit_name": "fundes",
                        "unit_size": 1.0,
                        "bulk_price": "0.34",
                        "unit_price": "2.05",
                        "approx_size": false,
                        "size_format": "ud",
                        "total_units": 6,
                        "unit_selector": true,
                        "bunch_selector": false,
                        "drained_weight": null,
                        "price_decreased": false,
                        "reference_price": "0.34",
                        "min_bunch_amount": 1.0,
                        "reference_format": "ud",
                        "increment_bunch_amount": 1.0
                    }
                },
                {
                    "id": "48805",
                    "limit": 1000,
                    "badges": {
                        "is_water": false,
                        "requires_age_check": false
                    },
                    "packaging": "Paquet",
                    "thumbnail": "https://prod-mercadona.imgix.net/20190521/05/48805/vlc1/48805_00_02.jpg?fit=crop&h=206&w=206",
                    "display_name": "Tendal multiusos Bosque Verde",
                    "bunch_selector": false,
                    "price_instructions": {
                        "iva": 21,
                        "is_new": false,
                        "is_pack": false,
                        "pack_size": null,
                        "unit_name": null,
                        "unit_size": 1.0,
                        "bulk_price": "1.85",
                        "unit_price": "1.85",
                        "approx_size": false,
                        "size_format": "ud",
                        "total_units": null,
                        "unit_selector": true,
                        "bunch_selector": false,
                        "drained_weight": null,
                        "price_decreased": false,
                        "reference_price": "1.85",
                        "min_bunch_amount": 1.0,
                        "reference_format": "ud",
                        "increment_bunch_amount": 1.0
                    }
                },
                {
                    "id": "48811",
                    "limit": 1000,
                    "badges": {
                        "is_water": false,
                        "requires_age_check": false
                    },
                    "packaging": "Paquet",
                    "thumbnail": "https://prod-mercadona.imgix.net/20190521/11/48811/vlc1/48811_00_02.jpg?fit=crop&h=206&w=206",
                    "display_name": "Agulles d'estendre de plàstic Bosque Verde",
                    "bunch_selector": false,
                    "price_instructions": {
                        "iva": 21,
                        "is_new": false,
                        "is_pack": false,
                        "pack_size": null,
                        "unit_name": null,
                        "unit_size": 24.0,
                        "bulk_price": "0.03",
                        "unit_price": "0.69",
                        "approx_size": false,
                        "size_format": "ud",
                        "total_units": null,
                        "unit_selector": true,
                        "bunch_selector": false,
                        "drained_weight": null,
                        "price_decreased": false,
                        "reference_price": "0.029",
                        "min_bunch_amount": 1.0,
                        "reference_format": "ud",
                        "increment_bunch_amount": 1.0
                    }
                },
                {
                    "id": "48817",
                    "limit": 1000,
                    "badges": {
                        "is_water": false,
                        "requires_age_check": false
                    },
                    "packaging": "Paquet",
                    "thumbnail": "https://prod-mercadona.imgix.net/20190521/17/48817/vlc1/48817_00_02.jpg?fit=crop&h=206&w=206",
                    "display_name": "Funda per rentar Bosque Verde",
                    "bunch_selector": false,
                    "price_instructions": {
                        "iva": 21,
                        "is_new": false,
                        "is_pack": false,
                        "pack_size": null,
                        "unit_name": null,
                        "unit_size": 1.0,
                        "bulk_price": "2.70",
                        "unit_price": "2.70",
                        "approx_size": false,
                        "size_format": "ud",
                        "total_units": null,
                        "unit_selector": true,
                        "bunch_selector": false,
                        "drained_weight": null,
                        "price_decreased": false,
                        "reference_price": "2.70",
                        "min_bunch_amount": 1.0,
                        "reference_format": "ud",
                        "increment_bunch_amount": 1.0
                    }
                },
                {
                    "id": "71154",
                    "limit": 1000,
                    "badges": {
                        "is_water": false,
                        "requires_age_check": false
                    },
                    "packaging": null,
                    "thumbnail": "https://prod-mercadona.imgix.net/20190521/54/71154/vlc1/71154_00_02.jpg?fit=crop&h=206&w=206",
                    "display_name": "Escombra per a exteriors Bosque Verde",
                    "bunch_selector": false,
                    "price_instructions": {
                        "iva": 21,
                        "is_new": false,
                        "is_pack": false,
                        "pack_size": null,
                        "unit_name": null,
                        "unit_size": 1.0,
                        "bulk_price": "2.65",
                        "unit_price": "2.65",
                        "approx_size": false,
                        "size_format": "ud",
                        "total_units": null,
                        "unit_selector": true,
                        "bunch_selector": false,
                        "drained_weight": null,
                        "price_decreased": false,
                        "reference_price": "2.65",
                        "min_bunch_amount": 1.0,
                        "reference_format": "ud",
                        "increment_bunch_amount": 1.0
                    }
                },
                {
                    "id": "71533",
                    "limit": 1000,
                    "badges": {
                        "is_water": false,
                        "requires_age_check": false
                    },
                    "packaging": "Paquet",
                    "thumbnail": "https://prod-mercadona.imgix.net/20190521/33/71533/vlc1/71533_00_02.jpg?fit=crop&h=206&w=206",
                    "display_name": "Camusses atrapapols Bosque Verde",
                    "bunch_selector": false,
                    "price_instructions": {
                        "iva": 21,
                        "is_new": false,
                        "is_pack": false,
                        "pack_size": null,
                        "unit_name": null,
                        "unit_size": 30.0,
                        "bulk_price": "0.06",
                        "unit_price": "1.95",
                        "approx_size": false,
                        "size_format": "ud",
                        "total_units": null,
                        "unit_selector": true,
                        "bunch_selector": false,
                        "drained_weight": null,
                        "price_decreased": false,
                        "reference_price": "0.065",
                        "min_bunch_amount": 1.0,
                        "reference_format": "ud",
                        "increment_bunch_amount": 1.0
                    }
                },
                {
                    "id": "71527",
                    "limit": 1000,
                    "badges": {
                        "is_water": false,
                        "requires_age_check": false
                    },
                    "packaging": "Paquet",
                    "thumbnail": "https://prod-mercadona.imgix.net/20190521/27/71527/vlc1/71527_00_02.jpg?fit=crop&h=206&w=206",
                    "display_name": "Tovalloletes netejadores de terra Bosque Verde",
                    "bunch_selector": false,
                    "price_instructions": {
                        "iva": 21,
                        "is_new": false,
                        "is_pack": false,
                        "pack_size": null,
                        "unit_name": null,
                        "unit_size": 20.0,
                        "bulk_price": "0.08",
                        "unit_price": "1.60",
                        "approx_size": false,
                        "size_format": "ud",
                        "total_units": null,
                        "unit_selector": true,
                        "bunch_selector": false,
                        "drained_weight": null,
                        "price_decreased": false,
                        "reference_price": "0.080",
                        "min_bunch_amount": 1.0,
                        "reference_format": "ud",
                        "increment_bunch_amount": 1.0
                    }
                },
                {
                    "id": "48008",
                    "limit": 1000,
                    "badges": {
                        "is_water": false,
                        "requires_age_check": false
                    },
                    "packaging": "Paquet",
                    "thumbnail": "https://prod-mercadona.imgix.net/20190521/08/48008/vlc1/48008_00_02.jpg?fit=crop&h=206&w=206",
                    "display_name": "Agulles d'estendre de plàstic Bosque Verde gegants",
                    "bunch_selector": false,
                    "price_instructions": {
                        "iva": 21,
                        "is_new": false,
                        "is_pack": false,
                        "pack_size": null,
                        "unit_name": null,
                        "unit_size": 12.0,
                        "bulk_price": "0.10",
                        "unit_price": "1.25",
                        "approx_size": false,
                        "size_format": "ud",
                        "total_units": null,
                        "unit_selector": true,
                        "bunch_selector": false,
                        "drained_weight": null,
                        "price_decreased": false,
                        "reference_price": "0.10",
                        "min_bunch_amount": 1.0,
                        "reference_format": "ud",
                        "increment_bunch_amount": 1.0
                    }
                },
                {
                    "id": "48631",
                    "limit": 1000,
                    "badges": {
                        "is_water": false,
                        "requires_age_check": false
                    },
                    "packaging": null,
                    "thumbnail": "https://prod-mercadona.imgix.net/20190521/31/48631/vlc1/48631_00_00.jpg?fit=crop&h=206&w=206",
                    "display_name": "Escorredor per a galleda rodona Bosque Verde",
                    "bunch_selector": false,
                    "price_instructions": {
                        "iva": 21,
                        "is_new": false,
                        "is_pack": false,
                        "pack_size": null,
                        "unit_name": null,
                        "unit_size": 1.0,
                        "bulk_price": "0.75",
                        "unit_price": "0.75",
                        "approx_size": false,
                        "size_format": "ud",
                        "total_units": null,
                        "unit_selector": true,
                        "bunch_selector": false,
                        "drained_weight": null,
                        "price_decreased": false,
                        "reference_price": "0.75",
                        "min_bunch_amount": 0.0,
                        "reference_format": "ud",
                        "increment_bunch_amount": 0.0
                    }
                },
                {
                    "id": "71520",
                    "limit": 1000,
                    "badges": {
                        "is_water": false,
                        "requires_age_check": false
                    },
                    "packaging": "Paquet",
                    "thumbnail": "https://prod-mercadona.imgix.net/20190521/20/71520/vlc1/71520_00_02.jpg?fit=crop&h=206&w=206",
                    "display_name": "Tiràs atrapapols Bosque Verde multiusos",
                    "bunch_selector": false,
                    "price_instructions": {
                        "iva": 21,
                        "is_new": false,
                        "is_pack": false,
                        "pack_size": null,
                        "unit_name": null,
                        "unit_size": 1.0,
                        "bulk_price": "3.30",
                        "unit_price": "3.30",
                        "approx_size": false,
                        "size_format": "ud",
                        "total_units": null,
                        "unit_selector": true,
                        "bunch_selector": false,
                        "drained_weight": null,
                        "price_decreased": false,
                        "reference_price": "3.30",
                        "min_bunch_amount": 1.0,
                        "reference_format": "ud",
                        "increment_bunch_amount": 1.0
                    }
                },
                {
                    "id": "48605",
                    "limit": 1000,
                    "badges": {
                        "is_water": false,
                        "requires_age_check": false
                    },
                    "packaging": "Galleda",
                    "thumbnail": "https://prod-mercadona.imgix.net/20190521/05/48605/vlc1/48605_00_00.jpg?fit=crop&h=206&w=206",
                    "display_name": "Galleda ovalada amb rodes i escorredor Bosque Verde",
                    "bunch_selector": false,
                    "price_instructions": {
                        "iva": 21,
                        "is_new": false,
                        "is_pack": false,
                        "pack_size": null,
                        "unit_name": null,
                        "unit_size": 1.0,
                        "bulk_price": "4.95",
                        "unit_price": "4.95",
                        "approx_size": false,
                        "size_format": "ud",
                        "total_units": null,
                        "unit_selector": true,
                        "bunch_selector": false,
                        "drained_weight": null,
                        "price_decreased": false,
                        "reference_price": "4.95",
                        "min_bunch_amount": 1.0,
                        "reference_format": "ud",
                        "increment_bunch_amount": 1.0
                    }
                },
                {
                    "id": "48804",
                    "limit": 1000,
                    "badges": {
                        "is_water": false,
                        "requires_age_check": false
                    },
                    "packaging": "Paquet",
                    "thumbnail": "https://prod-mercadona.imgix.net/20190521/04/48804/vlc1/48804_00_02.jpg?fit=crop&h=206&w=206",
                    "display_name": "Fundes guarda-roba transparents Bosque Verde",
                    "bunch_selector": false,
                    "price_instructions": {
                        "iva": 21,
                        "is_new": false,
                        "is_pack": false,
                        "pack_size": null,
                        "unit_name": "fundes",
                        "unit_size": 1.0,
                        "bulk_price": "0.34",
                        "unit_price": "2.05",
                        "approx_size": false,
                        "size_format": "ud",
                        "total_units": 6,
                        "unit_selector": true,
                        "bunch_selector": false,
                        "drained_weight": null,
                        "price_decreased": false,
                        "reference_price": "0.34",
                        "min_bunch_amount": 1.0,
                        "reference_format": "ud",
                        "increment_bunch_amount": 1.0
                    }
                },
                {
                    "id": "71586",
                    "limit": 1000,
                    "badges": {
                        "is_water": false,
                        "requires_age_check": false
                    },
                    "packaging": null,
                    "thumbnail": "https://prod-mercadona.imgix.net/20190521/86/71586/vlc1/71586_00_01.jpg?fit=crop&h=206&w=206",
                    "display_name": "Plomall d'estruç extensible El Greco",
                    "bunch_selector": false,
                    "price_instructions": {
                        "iva": 21,
                        "is_new": false,
                        "is_pack": false,
                        "pack_size": null,
                        "unit_name": null,
                        "unit_size": 1.0,
                        "bulk_price": "3.10",
                        "unit_price": "3.10",
                        "approx_size": false,
                        "size_format": "ud",
                        "total_units": null,
                        "unit_selector": true,
                        "bunch_selector": false,
                        "drained_weight": null,
                        "price_decreased": false,
                        "reference_price": "3.10",
                        "min_bunch_amount": 1.0,
                        "reference_format": "ud",
                        "increment_bunch_amount": 1.0
                    }
                },
                {
                    "id": "71124",
                    "limit": 1000,
                    "badges": {
                        "is_water": false,
                        "requires_age_check": false
                    },
                    "packaging": null,
                    "thumbnail": "https://prod-mercadona.imgix.net/20190521/24/71124/vlc1/71124_00_02.jpg?fit=crop&h=206&w=206",
                    "display_name": "Plomall atrapapols Bosque Verde",
                    "bunch_selector": false,
                    "price_instructions": {
                        "iva": 21,
                        "is_new": false,
                        "is_pack": false,
                        "pack_size": null,
                        "unit_name": null,
                        "unit_size": 1.0,
                        "bulk_price": "1.60",
                        "unit_price": "1.60",
                        "approx_size": false,
                        "size_format": "ud",
                        "total_units": null,
                        "unit_selector": true,
                        "bunch_selector": false,
                        "drained_weight": null,
                        "price_decreased": false,
                        "reference_price": "1.60",
                        "min_bunch_amount": 0.0,
                        "reference_format": "ud",
                        "increment_bunch_amount": 0.0
                    }
                },
                {
                    "id": "70017",
                    "limit": 1000,
                    "badges": {
                        "is_water": false,
                        "requires_age_check": false
                    },
                    "packaging": null,
                    "thumbnail": "https://prod-mercadona.imgix.net/20190521/17/70017/vlc1/70017_00_07.jpg?fit=crop&h=206&w=206",
                    "display_name": "Esponja de calçat incolora brillantor Bosque Verde",
                    "bunch_selector": false,
                    "price_instructions": {
                        "iva": 21,
                        "is_new": false,
                        "is_pack": false,
                        "pack_size": null,
                        "unit_name": null,
                        "unit_size": 1.0,
                        "bulk_price": "0.60",
                        "unit_price": "0.60",
                        "approx_size": false,
                        "size_format": "ud",
                        "total_units": null,
                        "unit_selector": true,
                        "bunch_selector": false,
                        "drained_weight": null,
                        "price_decreased": false,
                        "reference_price": "0.60",
                        "min_bunch_amount": 1.0,
                        "reference_format": "ud",
                        "increment_bunch_amount": 1.0
                    }
                },
                {
                    "id": "70008",
                    "limit": 1000,
                    "badges": {
                        "is_water": false,
                        "requires_age_check": false
                    },
                    "packaging": null,
                    "thumbnail": "https://prod-mercadona.imgix.net/20190521/08/70008/vlc1/70008_00_01.jpg?fit=crop&h=206&w=206",
                    "display_name": "Esponja de calçat Yak",
                    "bunch_selector": false,
                    "price_instructions": {
                        "iva": 21,
                        "is_new": false,
                        "is_pack": false,
                        "pack_size": null,
                        "unit_name": null,
                        "unit_size": 1.0,
                        "bulk_price": "1.20",
                        "unit_price": "1.20",
                        "approx_size": false,
                        "size_format": "ud",
                        "total_units": null,
                        "unit_selector": true,
                        "bunch_selector": false,
                        "drained_weight": null,
                        "price_decreased": false,
                        "reference_price": "1.20",
                        "min_bunch_amount": 1.0,
                        "reference_format": "ud",
                        "increment_bunch_amount": 1.0
                    }
                },
                {
                    "id": "70002",
                    "limit": 1000,
                    "badges": {
                        "is_water": false,
                        "requires_age_check": false
                    },
                    "packaging": "Esprai",
                    "thumbnail": "https://prod-mercadona.imgix.net/20190521/02/70002/vlc1/70002_00_02.jpg?fit=crop&h=206&w=206",
                    "display_name": "Desodorant de calçat Bosque Verde",
                    "bunch_selector": false,
                    "price_instructions": {
                        "iva": 21,
                        "is_new": false,
                        "is_pack": false,
                        "pack_size": null,
                        "unit_name": null,
                        "unit_size": 0.25,
                        "bulk_price": "11.80",
                        "unit_price": "2.95",
                        "approx_size": false,
                        "size_format": "l",
                        "total_units": null,
                        "unit_selector": true,
                        "bunch_selector": false,
                        "drained_weight": null,
                        "price_decreased": false,
                        "reference_price": "11.80",
                        "min_bunch_amount": 1.0,
                        "reference_format": "L",
                        "increment_bunch_amount": 1.0
                    }
                },
                {
                    "id": "70028",
                    "limit": 1000,
                    "badges": {
                        "is_water": false,
                        "requires_age_check": false
                    },
                    "packaging": "Pot",
                    "thumbnail": "https://prod-mercadona.imgix.net/20190521/28/70028/vlc1/70028_00_00.jpg?fit=crop&h=206&w=206",
                    "display_name": "Netejador de calçat marró Bosque Verde",
                    "bunch_selector": false,
                    "price_instructions": {
                        "iva": 21,
                        "is_new": false,
                        "is_pack": false,
                        "pack_size": null,
                        "unit_name": null,
                        "unit_size": 0.05,
                        "bulk_price": "19.00",
                        "unit_price": "0.95",
                        "approx_size": false,
                        "size_format": "l",
                        "total_units": null,
                        "unit_selector": true,
                        "bunch_selector": false,
                        "drained_weight": null,
                        "price_decreased": false,
                        "reference_price": "19.00",
                        "min_bunch_amount": 1.0,
                        "reference_format": "L",
                        "increment_bunch_amount": 1.0
                    }
                },
                {
                    "id": "70029",
                    "limit": 1000,
                    "badges": {
                        "is_water": false,
                        "requires_age_check": false
                    },
                    "packaging": "Pot",
                    "thumbnail": "https://prod-mercadona.imgix.net/20190521/29/70029/vlc1/70029_00_00.jpg?fit=crop&h=206&w=206",
                    "display_name": "Netejador de calçat incolor Bosque Verde",
                    "bunch_selector": false,
                    "price_instructions": {
                        "iva": 21,
                        "is_new": false,
                        "is_pack": false,
                        "pack_size": null,
                        "unit_name": null,
                        "unit_size": 0.05,
                        "bulk_price": "19.00",
                        "unit_price": "0.95",
                        "approx_size": false,
                        "size_format": "l",
                        "total_units": null,
                        "unit_selector": true,
                        "bunch_selector": false,
                        "drained_weight": null,
                        "price_decreased": false,
                        "reference_price": "19.00",
                        "min_bunch_amount": 1.0,
                        "reference_format": "L",
                        "increment_bunch_amount": 1.0
                    }
                },
                {
                    "id": "70010",
                    "limit": 1000,
                    "badges": {
                        "is_water": false,
                        "requires_age_check": false
                    },
                    "packaging": "Esprai",
                    "thumbnail": "https://prod-mercadona.imgix.net/20190521/10/70010/vlc1/70010_00_00.jpg?fit=crop&h=206&w=206",
                    "display_name": "Revifador d'ant i nubuc Bosque Verde",
                    "bunch_selector": false,
                    "price_instructions": {
                        "iva": 21,
                        "is_new": false,
                        "is_pack": false,
                        "pack_size": null,
                        "unit_name": null,
                        "unit_size": 0.25,
                        "bulk_price": "13.40",
                        "unit_price": "3.35",
                        "approx_size": false,
                        "size_format": "l",
                        "total_units": null,
                        "unit_selector": true,
                        "bunch_selector": false,
                        "drained_weight": null,
                        "price_decreased": false,
                        "reference_price": "13.40",
                        "min_bunch_amount": 1.0,
                        "reference_format": "L",
                        "increment_bunch_amount": 1.0
                    }
                },
                {
                    "id": "70012",
                    "limit": 1000,
                    "badges": {
                        "is_water": false,
                        "requires_age_check": false
                    },
                    "packaging": "Esprai",
                    "thumbnail": "https://prod-mercadona.imgix.net/20190521/12/70012/vlc1/70012_00_00.jpg?fit=crop&h=206&w=206",
                    "display_name": "Dilatador de calçat Bosque Verde",
                    "bunch_selector": false,
                    "price_instructions": {
                        "iva": 21,
                        "is_new": false,
                        "is_pack": false,
                        "pack_size": null,
                        "unit_name": null,
                        "unit_size": 0.075,
                        "bulk_price": "45.33",
                        "unit_price": "3.40",
                        "approx_size": false,
                        "size_format": "l",
                        "total_units": null,
                        "unit_selector": true,
                        "bunch_selector": false,
                        "drained_weight": null,
                        "price_decreased": false,
                        "reference_price": "45.33",
                        "min_bunch_amount": 0.0,
                        "reference_format": "L",
                        "increment_bunch_amount": 0.0
                    }
                },
                {
                    "id": "70011",
                    "limit": 1000,
                    "badges": {
                        "is_water": false,
                        "requires_age_check": false
                    },
                    "packaging": "Esprai",
                    "thumbnail": "https://prod-mercadona.imgix.net/20190521/11/70011/vlc1/70011_00_00.jpg?fit=crop&h=206&w=206",
                    "display_name": "Condicionador de cuir Bosque Verde netejador i nutrient",
                    "bunch_selector": false,
                    "price_instructions": {
                        "iva": 21,
                        "is_new": false,
                        "is_pack": false,
                        "pack_size": null,
                        "unit_name": null,
                        "unit_size": 0.25,
                        "bulk_price": "15.40",
                        "unit_price": "3.85",
                        "approx_size": false,
                        "size_format": "l",
                        "total_units": null,
                        "unit_selector": true,
                        "bunch_selector": false,
                        "drained_weight": null,
                        "price_decreased": false,
                        "reference_price": "15.40",
                        "min_bunch_amount": 1.0,
                        "reference_format": "L",
                        "increment_bunch_amount": 1.0
                    }
                },
                {
                    "id": "70024",
                    "limit": 1000,
                    "badges": {
                        "is_water": false,
                        "requires_age_check": false
                    },
                    "packaging": "Pot",
                    "thumbnail": "https://prod-mercadona.imgix.net/20190521/24/70024/vlc1/70024_00_00.jpg?fit=crop&h=206&w=206",
                    "display_name": "Netejador de calçat negre Bosque Verde",
                    "bunch_selector": false,
                    "price_instructions": {
                        "iva": 21,
                        "is_new": false,
                        "is_pack": false,
                        "pack_size": null,
                        "unit_name": null,
                        "unit_size": 0.05,
                        "bulk_price": "19.00",
                        "unit_price": "0.95",
                        "approx_size": false,
                        "size_format": "l",
                        "total_units": null,
                        "unit_selector": true,
                        "bunch_selector": false,
                        "drained_weight": null,
                        "price_decreased": false,
                        "reference_price": "19.00",
                        "min_bunch_amount": 1.0,
                        "reference_format": "L",
                        "increment_bunch_amount": 1.0
                    }
                },
                {
                    "id": "48670",
                    "limit": 1000,
                    "badges": {
                        "is_water": false,
                        "requires_age_check": false
                    },
                    "packaging": "Galleda",
                    "thumbnail": "https://prod-mercadona.imgix.net/20190521/70/48670/vlc1/48670_01_01.jpg?fit=crop&h=206&w=206",
                    "display_name": "Galleda de les escombraries amb pedal 8L Bosque Verde",
                    "bunch_selector": false,
                    "price_instructions": {
                        "iva": 21,
                        "is_new": false,
                        "is_pack": false,
                        "pack_size": null,
                        "unit_name": null,
                        "unit_size": 1.0,
                        "bulk_price": "4.00",
                        "unit_price": "4.00",
                        "approx_size": false,
                        "size_format": "ud",
                        "total_units": null,
                        "unit_selector": true,
                        "bunch_selector": false,
                        "drained_weight": null,
                        "price_decreased": false,
                        "reference_price": "4.00",
                        "min_bunch_amount": 1.0,
                        "reference_format": "ud",
                        "increment_bunch_amount": 1.0
                    }
                },
                {
                    "id": "71551",
                    "limit": 1000,
                    "badges": {
                        "is_water": false,
                        "requires_age_check": false
                    },
                    "packaging": null,
                    "thumbnail": "https://prod-mercadona.imgix.net/20190521/51/71551/vlc1/71551_01_04.jpg?fit=crop&h=206&w=206",
                    "display_name": "Desembussador goma Zeppilin",
                    "bunch_selector": false,
                    "price_instructions": {
                        "iva": 21,
                        "is_new": false,
                        "is_pack": false,
                        "pack_size": null,
                        "unit_name": null,
                        "unit_size": 1.0,
                        "bulk_price": "1.20",
                        "unit_price": "1.20",
                        "approx_size": false,
                        "size_format": "ud",
                        "total_units": null,
                        "unit_selector": true,
                        "bunch_selector": false,
                        "drained_weight": null,
                        "price_decreased": false,
                        "reference_price": "1.20",
                        "min_bunch_amount": 1.0,
                        "reference_format": "ud",
                        "increment_bunch_amount": 1.0
                    }
                },
                {
                    "id": "71023",
                    "limit": 1000,
                    "badges": {
                        "is_water": false,
                        "requires_age_check": false
                    },
                    "packaging": null,
                    "thumbnail": "https://prod-mercadona.imgix.net/20190521/23/71023/vlc1/71023_00_01.jpg?fit=crop&h=206&w=206",
                    "display_name": "Raspall de roba Bosque Verde",
                    "bunch_selector": false,
                    "price_instructions": {
                        "iva": 21,
                        "is_new": false,
                        "is_pack": false,
                        "pack_size": null,
                        "unit_name": null,
                        "unit_size": 1.0,
                        "bulk_price": "1.75",
                        "unit_price": "1.75",
                        "approx_size": false,
                        "size_format": "ud",
                        "total_units": null,
                        "unit_selector": true,
                        "bunch_selector": false,
                        "drained_weight": null,
                        "price_decreased": false,
                        "reference_price": "1.75",
                        "min_bunch_amount": 1.0,
                        "reference_format": "ud",
                        "increment_bunch_amount": 1.0
                    }
                },
                {
                    "id": "71028",
                    "limit": 1000,
                    "badges": {
                        "is_water": false,
                        "requires_age_check": false
                    },
                    "packaging": "Paquet",
                    "thumbnail": "https://prod-mercadona.imgix.net/20190521/28/71028/vlc1/71028_00_02.jpg?fit=crop&h=206&w=206",
                    "display_name": "Recanvis plomall Bosque Verde",
                    "bunch_selector": false,
                    "price_instructions": {
                        "iva": 21,
                        "is_new": false,
                        "is_pack": false,
                        "pack_size": null,
                        "unit_name": null,
                        "unit_size": 5.0,
                        "bulk_price": "0.33",
                        "unit_price": "1.65",
                        "approx_size": false,
                        "size_format": "ud",
                        "total_units": null,
                        "unit_selector": true,
                        "bunch_selector": false,
                        "drained_weight": null,
                        "price_decreased": false,
                        "reference_price": "0.33",
                        "min_bunch_amount": 1.0,
                        "reference_format": "ud",
                        "increment_bunch_amount": 1.0
                    }
                },
                {
                    "id": "70030",
                    "limit": 1000,
                    "badges": {
                        "is_water": false,
                        "requires_age_check": false
                    },
                    "packaging": "Pot",
                    "thumbnail": "https://prod-mercadona.imgix.net/20190521/30/70030/vlc1/70030_00_00.jpg?fit=crop&h=206&w=206",
                    "display_name": "Netejador de calçat blanc Bosque Verde",
                    "bunch_selector": false,
                    "price_instructions": {
                        "iva": 21,
                        "is_new": false,
                        "is_pack": false,
                        "pack_size": null,
                        "unit_name": null,
                        "unit_size": 0.05,
                        "bulk_price": "19.00",
                        "unit_price": "0.95",
                        "approx_size": false,
                        "size_format": "l",
                        "total_units": null,
                        "unit_selector": true,
                        "bunch_selector": false,
                        "drained_weight": null,
                        "price_decreased": false,
                        "reference_price": "19.00",
                        "min_bunch_amount": 1.0,
                        "reference_format": "L",
                        "increment_bunch_amount": 1.0
                    }
                },
                {
                    "id": "71124",
                    "limit": 1000,
                    "badges": {
                        "is_water": false,
                        "requires_age_check": false
                    },
                    "packaging": null,
                    "thumbnail": "https://prod-mercadona.imgix.net/20190521/24/71124/vlc1/71124_00_02.jpg?fit=crop&h=206&w=206",
                    "display_name": "Plomall atrapapols Bosque Verde",
                    "bunch_selector": false,
                    "price_instructions": {
                        "iva": 21,
                        "is_new": false,
                        "is_pack": false,
                        "pack_size": null,
                        "unit_name": null,
                        "unit_size": 1.0,
                        "bulk_price": "1.60",
                        "unit_price": "1.60",
                        "approx_size": false,
                        "size_format": "ud",
                        "total_units": null,
                        "unit_selector": true,
                        "bunch_selector": false,
                        "drained_weight": null,
                        "price_decreased": false,
                        "reference_price": "1.60",
                        "min_bunch_amount": 0.0,
                        "reference_format": "ud",
                        "increment_bunch_amount": 0.0
                    }
                },
                {
                    "id": "70031",
                    "limit": 1000,
                    "badges": {
                        "is_water": false,
                        "requires_age_check": false
                    },
                    "packaging": "Pot",
                    "thumbnail": "https://prod-mercadona.imgix.net/20190521/31/70031/vlc1/70031_00_00.jpg?fit=crop&h=206&w=206",
                    "display_name": "Netejador de calçat blau Bosque Verde",
                    "bunch_selector": false,
                    "price_instructions": {
                        "iva": 21,
                        "is_new": false,
                        "is_pack": false,
                        "pack_size": null,
                        "unit_name": null,
                        "unit_size": 0.05,
                        "bulk_price": "19.00",
                        "unit_price": "0.95",
                        "approx_size": false,
                        "size_format": "l",
                        "total_units": null,
                        "unit_selector": true,
                        "bunch_selector": false,
                        "drained_weight": null,
                        "price_decreased": false,
                        "reference_price": "19.00",
                        "min_bunch_amount": 1.0,
                        "reference_format": "L",
                        "increment_bunch_amount": 1.0
                    }
                },
                {
                    "id": "71130",
                    "limit": 1000,
                    "badges": {
                        "is_water": false,
                        "requires_age_check": false
                    },
                    "packaging": "Paquet",
                    "thumbnail": "https://prod-mercadona.imgix.net/20190521/30/71130/vlc1/71130_00_00.jpg?fit=crop&h=206&w=206",
                    "display_name": "Cordons negres sabata de vestir",
                    "bunch_selector": false,
                    "price_instructions": {
                        "iva": 21,
                        "is_new": false,
                        "is_pack": false,
                        "pack_size": null,
                        "unit_name": null,
                        "unit_size": 2.0,
                        "bulk_price": "0.60",
                        "unit_price": "1.20",
                        "approx_size": false,
                        "size_format": "ud",
                        "total_units": null,
                        "unit_selector": true,
                        "bunch_selector": false,
                        "drained_weight": null,
                        "price_decreased": false,
                        "reference_price": "0.60",
                        "min_bunch_amount": 1.0,
                        "reference_format": "ud",
                        "increment_bunch_amount": 1.0
                    }
                },
                {
                    "id": "71131",
                    "limit": 1000,
                    "badges": {
                        "is_water": false,
                        "requires_age_check": false
                    },
                    "packaging": "Paquet",
                    "thumbnail": "https://prod-mercadona.imgix.net/20190521/31/71131/vlc1/71131_00_00.jpg?fit=crop&h=206&w=206",
                    "display_name": "Cordons marrons sabata de vestir",
                    "bunch_selector": false,
                    "price_instructions": {
                        "iva": 21,
                        "is_new": false,
                        "is_pack": false,
                        "pack_size": null,
                        "unit_name": null,
                        "unit_size": 2.0,
                        "bulk_price": "0.60",
                        "unit_price": "1.20",
                        "approx_size": false,
                        "size_format": "ud",
                        "total_units": null,
                        "unit_selector": true,
                        "bunch_selector": false,
                        "drained_weight": null,
                        "price_decreased": false,
                        "reference_price": "0.60",
                        "min_bunch_amount": 1.0,
                        "reference_format": "ud",
                        "increment_bunch_amount": 1.0
                    }
                },
                {
                    "id": "71132",
                    "limit": 1000,
                    "badges": {
                        "is_water": false,
                        "requires_age_check": false
                    },
                    "packaging": "Paquet",
                    "thumbnail": "https://prod-mercadona.imgix.net/20190521/32/71132/vlc1/71132_00_00.jpg?fit=crop&h=206&w=206",
                    "display_name": "Cordons blancs sabatilla esportiva",
                    "bunch_selector": false,
                    "price_instructions": {
                        "iva": 21,
                        "is_new": false,
                        "is_pack": false,
                        "pack_size": null,
                        "unit_name": null,
                        "unit_size": 2.0,
                        "bulk_price": "0.60",
                        "unit_price": "1.20",
                        "approx_size": false,
                        "size_format": "ud",
                        "total_units": null,
                        "unit_selector": true,
                        "bunch_selector": false,
                        "drained_weight": null,
                        "price_decreased": false,
                        "reference_price": "0.60",
                        "min_bunch_amount": 1.0,
                        "reference_format": "ud",
                        "increment_bunch_amount": 1.0
                    }
                },
                {
                    "id": "71134",
                    "limit": 1000,
                    "badges": {
                        "is_water": false,
                        "requires_age_check": false
                    },
                    "packaging": "Paquet",
                    "thumbnail": "https://prod-mercadona.imgix.net/20190521/34/71134/vlc1/71134_00_00.jpg?fit=crop&h=206&w=206",
                    "display_name": "Cordons marrons calçat esport",
                    "bunch_selector": false,
                    "price_instructions": {
                        "iva": 21,
                        "is_new": false,
                        "is_pack": false,
                        "pack_size": null,
                        "unit_name": null,
                        "unit_size": 2.0,
                        "bulk_price": "0.60",
                        "unit_price": "1.20",
                        "approx_size": false,
                        "size_format": "ud",
                        "total_units": null,
                        "unit_selector": true,
                        "bunch_selector": false,
                        "drained_weight": null,
                        "price_decreased": false,
                        "reference_price": "0.60",
                        "min_bunch_amount": 1.0,
                        "reference_format": "ud",
                        "increment_bunch_amount": 1.0
                    }
                },
                {
                    "id": "71135",
                    "limit": 1000,
                    "badges": {
                        "is_water": false,
                        "requires_age_check": false
                    },
                    "packaging": "Paquet",
                    "thumbnail": "https://prod-mercadona.imgix.net/20190521/35/71135/vlc1/71135_00_00.jpg?fit=crop&h=206&w=206",
                    "display_name": "Cordons negres calçat esport",
                    "bunch_selector": false,
                    "price_instructions": {
                        "iva": 21,
                        "is_new": false,
                        "is_pack": false,
                        "pack_size": null,
                        "unit_name": null,
                        "unit_size": 2.0,
                        "bulk_price": "0.60",
                        "unit_price": "1.20",
                        "approx_size": false,
                        "size_format": "ud",
                        "total_units": null,
                        "unit_selector": true,
                        "bunch_selector": false,
                        "drained_weight": null,
                        "price_decreased": false,
                        "reference_price": "0.60",
                        "min_bunch_amount": 1.0,
                        "reference_format": "ud",
                        "increment_bunch_amount": 1.0
                    }
                },
                {
                    "id": "70107",
                    "limit": 1000,
                    "badges": {
                        "is_water": false,
                        "requires_age_check": false
                    },
                    "packaging": "Pot",
                    "thumbnail": "https://prod-mercadona.imgix.net/20190521/07/70107/vlc1/70107_00_00.jpg?fit=crop&h=206&w=206",
                    "display_name": "Betum negre autobrillant Búfalo",
                    "bunch_selector": false,
                    "price_instructions": {
                        "iva": 21,
                        "is_new": false,
                        "is_pack": false,
                        "pack_size": null,
                        "unit_name": null,
                        "unit_size": 0.04,
                        "bulk_price": "55.00",
                        "unit_price": "2.20",
                        "approx_size": false,
                        "size_format": "l",
                        "total_units": null,
                        "unit_selector": true,
                        "bunch_selector": false,
                        "drained_weight": null,
                        "price_decreased": false,
                        "reference_price": "5.50",
                        "min_bunch_amount": 1.0,
                        "reference_format": "100 ml",
                        "increment_bunch_amount": 1.0
                    }
                },
                {
                    "id": "70111",
                    "limit": 1000,
                    "badges": {
                        "is_water": false,
                        "requires_age_check": false
                    },
                    "packaging": "Pot",
                    "thumbnail": "https://prod-mercadona.imgix.net/20190521/11/70111/vlc1/70111_00_00.jpg?fit=crop&h=206&w=206",
                    "display_name": "Betum marró autobrillant Búfalo",
                    "bunch_selector": false,
                    "price_instructions": {
                        "iva": 21,
                        "is_new": false,
                        "is_pack": false,
                        "pack_size": null,
                        "unit_name": null,
                        "unit_size": 0.04,
                        "bulk_price": "55.00",
                        "unit_price": "2.20",
                        "approx_size": false,
                        "size_format": "l",
                        "total_units": null,
                        "unit_selector": true,
                        "bunch_selector": false,
                        "drained_weight": null,
                        "price_decreased": false,
                        "reference_price": "5.50",
                        "min_bunch_amount": 1.0,
                        "reference_format": "100 ml",
                        "increment_bunch_amount": 1.0
                    }
                },
                {
                    "id": "70117",
                    "limit": 1000,
                    "badges": {
                        "is_water": false,
                        "requires_age_check": false
                    },
                    "packaging": "Pot",
                    "thumbnail": "https://prod-mercadona.imgix.net/20190521/17/70117/vlc1/70117_00_00.jpg?fit=crop&h=206&w=206",
                    "display_name": "Betum incolor autobrillant Búfalo",
                    "bunch_selector": false,
                    "price_instructions": {
                        "iva": 21,
                        "is_new": false,
                        "is_pack": false,
                        "pack_size": null,
                        "unit_name": null,
                        "unit_size": 0.04,
                        "bulk_price": "55.00",
                        "unit_price": "2.20",
                        "approx_size": false,
                        "size_format": "l",
                        "total_units": null,
                        "unit_selector": true,
                        "bunch_selector": false,
                        "drained_weight": null,
                        "price_decreased": false,
                        "reference_price": "5.50",
                        "min_bunch_amount": 1.0,
                        "reference_format": "100 ml",
                        "increment_bunch_amount": 1.0
                    }
                },
                {
                    "id": "71015",
                    "limit": 1000,
                    "badges": {
                        "is_water": false,
                        "requires_age_check": false
                    },
                    "packaging": null,
                    "thumbnail": "https://prod-mercadona.imgix.net/20190521/15/71015/vlc1/71015_00_00.jpg?fit=crop&h=206&w=206",
                    "display_name": "Raspall calçat Bosque Verde",
                    "bunch_selector": false,
                    "price_instructions": {
                        "iva": 21,
                        "is_new": false,
                        "is_pack": false,
                        "pack_size": null,
                        "unit_name": null,
                        "unit_size": 1.0,
                        "bulk_price": "1.75",
                        "unit_price": "1.75",
                        "approx_size": false,
                        "size_format": "ud",
                        "total_units": null,
                        "unit_selector": true,
                        "bunch_selector": false,
                        "drained_weight": null,
                        "price_decreased": false,
                        "reference_price": "1.75",
                        "min_bunch_amount": 0.0,
                        "reference_format": "ud",
                        "increment_bunch_amount": 0.0
                    }
                },
                {
                    "id": "71502",
                    "limit": 1000,
                    "badges": {
                        "is_water": false,
                        "requires_age_check": false
                    },
                    "packaging": "Paquet",
                    "thumbnail": "https://prod-mercadona.imgix.net/20190521/02/71502/vlc1/71502_00_02.jpg?fit=crop&h=206&w=206",
                    "display_name": "Plataforma tiràs gran abrillantador Bosque Verde",
                    "bunch_selector": false,
                    "price_instructions": {
                        "iva": 21,
                        "is_new": false,
                        "is_pack": false,
                        "pack_size": null,
                        "unit_name": null,
                        "unit_size": 1.0,
                        "bulk_price": "2.70",
                        "unit_price": "2.70",
                        "approx_size": false,
                        "size_format": "ud",
                        "total_units": null,
                        "unit_selector": true,
                        "bunch_selector": false,
                        "drained_weight": null,
                        "price_decreased": false,
                        "reference_price": "2.70",
                        "min_bunch_amount": 1.0,
                        "reference_format": "ud",
                        "increment_bunch_amount": 1.0
                    }
                },
                {
                    "id": "71504",
                    "limit": 1000,
                    "badges": {
                        "is_water": false,
                        "requires_age_check": false
                    },
                    "packaging": "Paquet",
                    "thumbnail": "https://prod-mercadona.imgix.net/20190521/04/71504/vlc1/71504_00_01.jpg?fit=crop&h=206&w=206",
                    "display_name": "Plomall atrapapols Zeppilin electrostàtic",
                    "bunch_selector": false,
                    "price_instructions": {
                        "iva": 21,
                        "is_new": false,
                        "is_pack": false,
                        "pack_size": null,
                        "unit_name": null,
                        "unit_size": 1.0,
                        "bulk_price": "2.59",
                        "unit_price": "2.59",
                        "approx_size": false,
                        "size_format": "ud",
                        "total_units": null,
                        "unit_selector": true,
                        "bunch_selector": false,
                        "drained_weight": null,
                        "price_decreased": false,
                        "reference_price": "2.59",
                        "min_bunch_amount": 0.0,
                        "reference_format": "ud",
                        "increment_bunch_amount": 0.0
                    }
                },
                {
                    "id": "71520",
                    "limit": 1000,
                    "badges": {
                        "is_water": false,
                        "requires_age_check": false
                    },
                    "packaging": "Paquet",
                    "thumbnail": "https://prod-mercadona.imgix.net/20190521/20/71520/vlc1/71520_00_02.jpg?fit=crop&h=206&w=206",
                    "display_name": "Tiràs atrapapols Bosque Verde multiusos",
                    "bunch_selector": false,
                    "price_instructions": {
                        "iva": 21,
                        "is_new": false,
                        "is_pack": false,
                        "pack_size": null,
                        "unit_name": null,
                        "unit_size": 1.0,
                        "bulk_price": "3.30",
                        "unit_price": "3.30",
                        "approx_size": false,
                        "size_format": "ud",
                        "total_units": null,
                        "unit_selector": true,
                        "bunch_selector": false,
                        "drained_weight": null,
                        "price_decreased": false,
                        "reference_price": "3.30",
                        "min_bunch_amount": 1.0,
                        "reference_format": "ud",
                        "increment_bunch_amount": 1.0
                    }
                },
                {
                    "id": "71527",
                    "limit": 1000,
                    "badges": {
                        "is_water": false,
                        "requires_age_check": false
                    },
                    "packaging": "Paquet",
                    "thumbnail": "https://prod-mercadona.imgix.net/20190521/27/71527/vlc1/71527_00_02.jpg?fit=crop&h=206&w=206",
                    "display_name": "Tovalloletes netejadores de terra Bosque Verde",
                    "bunch_selector": false,
                    "price_instructions": {
                        "iva": 21,
                        "is_new": false,
                        "is_pack": false,
                        "pack_size": null,
                        "unit_name": null,
                        "unit_size": 20.0,
                        "bulk_price": "0.08",
                        "unit_price": "1.60",
                        "approx_size": false,
                        "size_format": "ud",
                        "total_units": null,
                        "unit_selector": true,
                        "bunch_selector": false,
                        "drained_weight": null,
                        "price_decreased": false,
                        "reference_price": "0.080",
                        "min_bunch_amount": 1.0,
                        "reference_format": "ud",
                        "increment_bunch_amount": 1.0
                    }
                },
                {
                    "id": "71533",
                    "limit": 1000,
                    "badges": {
                        "is_water": false,
                        "requires_age_check": false
                    },
                    "packaging": "Paquet",
                    "thumbnail": "https://prod-mercadona.imgix.net/20190521/33/71533/vlc1/71533_00_02.jpg?fit=crop&h=206&w=206",
                    "display_name": "Camusses atrapapols Bosque Verde",
                    "bunch_selector": false,
                    "price_instructions": {
                        "iva": 21,
                        "is_new": false,
                        "is_pack": false,
                        "pack_size": null,
                        "unit_name": null,
                        "unit_size": 30.0,
                        "bulk_price": "0.06",
                        "unit_price": "1.95",
                        "approx_size": false,
                        "size_format": "ud",
                        "total_units": null,
                        "unit_selector": true,
                        "bunch_selector": false,
                        "drained_weight": null,
                        "price_decreased": false,
                        "reference_price": "0.065",
                        "min_bunch_amount": 1.0,
                        "reference_format": "ud",
                        "increment_bunch_amount": 1.0
                    }
                },
                {
                    "id": "71570",
                    "limit": 1000,
                    "badges": {
                        "is_water": false,
                        "requires_age_check": false
                    },
                    "packaging": "Paquet",
                    "thumbnail": "https://prod-mercadona.imgix.net/20190521/70/71570/vlc1/71570_00_02.jpg?fit=crop&h=206&w=206",
                    "display_name": "Recanvi tiràs gran Bosque Verde",
                    "bunch_selector": false,
                    "price_instructions": {
                        "iva": 21,
                        "is_new": false,
                        "is_pack": false,
                        "pack_size": null,
                        "unit_name": null,
                        "unit_size": 1.0,
                        "bulk_price": "4.60",
                        "unit_price": "4.60",
                        "approx_size": false,
                        "size_format": "ud",
                        "total_units": null,
                        "unit_selector": true,
                        "bunch_selector": false,
                        "drained_weight": null,
                        "price_decreased": false,
                        "reference_price": "4.60",
                        "min_bunch_amount": 1.0,
                        "reference_format": "ud",
                        "increment_bunch_amount": 1.0
                    }
                },
                {
                    "id": "71645",
                    "limit": 1000,
                    "badges": {
                        "is_water": false,
                        "requires_age_check": false
                    },
                    "packaging": "Paquet",
                    "thumbnail": "https://prod-mercadona.imgix.net/20190521/45/71645/vlc1/71645_00_00.jpg?fit=crop&h=206&w=206",
                    "display_name": "Plantilles petites pell mitja sola punta Comfort Fresh",
                    "bunch_selector": false,
                    "price_instructions": {
                        "iva": 21,
                        "is_new": false,
                        "is_pack": false,
                        "pack_size": null,
                        "unit_name": null,
                        "unit_size": 2.0,
                        "bulk_price": "1.08",
                        "unit_price": "2.15",
                        "approx_size": false,
                        "size_format": "ud",
                        "total_units": null,
                        "unit_selector": true,
                        "bunch_selector": false,
                        "drained_weight": null,
                        "price_decreased": false,
                        "reference_price": "1.08",
                        "min_bunch_amount": 1.0,
                        "reference_format": "ud",
                        "increment_bunch_amount": 1.0
                    }
                },
                {
                    "id": "71702",
                    "limit": 1000,
                    "badges": {
                        "is_water": false,
                        "requires_age_check": false
                    },
                    "packaging": null,
                    "thumbnail": "https://prod-mercadona.imgix.net/20190521/02/71702/vlc1/71702_00_02.jpg?fit=crop&h=206&w=206",
                    "display_name": "Corró per treure pelussa Bosque Verde",
                    "bunch_selector": false,
                    "price_instructions": {
                        "iva": 21,
                        "is_new": false,
                        "is_pack": false,
                        "pack_size": null,
                        "unit_name": null,
                        "unit_size": 1.0,
                        "bulk_price": "1.75",
                        "unit_price": "1.75",
                        "approx_size": false,
                        "size_format": "ud",
                        "total_units": null,
                        "unit_selector": true,
                        "bunch_selector": false,
                        "drained_weight": null,
                        "price_decreased": false,
                        "reference_price": "1.75",
                        "min_bunch_amount": 1.0,
                        "reference_format": "ud",
                        "increment_bunch_amount": 1.0
                    }
                },
                {
                    "id": "70137",
                    "limit": 1000,
                    "badges": {
                        "is_water": false,
                        "requires_age_check": false
                    },
                    "packaging": "Pot",
                    "thumbnail": "https://prod-mercadona.imgix.net/20190521/37/70137/vlc1/70137_00_00.jpg?fit=crop&h=206&w=206",
                    "display_name": "Betum blau autobrillant Búfalo",
                    "bunch_selector": false,
                    "price_instructions": {
                        "iva": 21,
                        "is_new": false,
                        "is_pack": false,
                        "pack_size": null,
                        "unit_name": null,
                        "unit_size": 0.04,
                        "bulk_price": "55.00",
                        "unit_price": "2.20",
                        "approx_size": false,
                        "size_format": "l",
                        "total_units": null,
                        "unit_selector": true,
                        "bunch_selector": false,
                        "drained_weight": null,
                        "price_decreased": false,
                        "reference_price": "5.50",
                        "min_bunch_amount": 1.0,
                        "reference_format": "100 ml",
                        "increment_bunch_amount": 1.0
                    }
                },
                {
                    "id": "70032",
                    "limit": 1000,
                    "badges": {
                        "is_water": false,
                        "requires_age_check": false
                    },
                    "packaging": "Pot",
                    "thumbnail": "https://prod-mercadona.imgix.net/20190521/32/70032/vlc1/70032_00_00.jpg?fit=crop&h=206&w=206",
                    "display_name": "Netejador de calçat bordeus Bosque Verde",
                    "bunch_selector": false,
                    "price_instructions": {
                        "iva": 21,
                        "is_new": false,
                        "is_pack": false,
                        "pack_size": null,
                        "unit_name": null,
                        "unit_size": 0.05,
                        "bulk_price": "19.00",
                        "unit_price": "0.95",
                        "approx_size": false,
                        "size_format": "l",
                        "total_units": null,
                        "unit_selector": true,
                        "bunch_selector": false,
                        "drained_weight": null,
                        "price_decreased": false,
                        "reference_price": "19.00",
                        "min_bunch_amount": 1.0,
                        "reference_format": "L",
                        "increment_bunch_amount": 1.0
                    }
                },
                {
                    "id": "71157",
                    "limit": 1000,
                    "badges": {
                        "is_water": false,
                        "requires_age_check": false
                    },
                    "packaging": null,
                    "thumbnail": "https://prod-mercadona.imgix.net/20190521/57/71157/vlc1/71157_00_02.jpg?fit=crop&h=206&w=206",
                    "display_name": "Mànec escombra / pal de fregar Bosque Verde 140 cm",
                    "bunch_selector": false,
                    "price_instructions": {
                        "iva": 21,
                        "is_new": false,
                        "is_pack": false,
                        "pack_size": null,
                        "unit_name": null,
                        "unit_size": 1.0,
                        "bulk_price": "0.80",
                        "unit_price": "0.80",
                        "approx_size": false,
                        "size_format": "ud",
                        "total_units": null,
                        "unit_selector": true,
                        "bunch_selector": false,
                        "drained_weight": null,
                        "price_decreased": false,
                        "reference_price": "0.80",
                        "min_bunch_amount": 1.0,
                        "reference_format": "ud",
                        "increment_bunch_amount": 1.0
                    }
                },
                {
                    "id": "71162",
                    "limit": 1000,
                    "badges": {
                        "is_water": false,
                        "requires_age_check": false
                    },
                    "packaging": null,
                    "thumbnail": "https://prod-mercadona.imgix.net/20190521/62/71162/vlc1/71162_00_02.jpg?fit=crop&h=206&w=206",
                    "display_name": "Escombra fibres creuades Bosque Verde",
                    "bunch_selector": false,
                    "price_instructions": {
                        "iva": 21,
                        "is_new": false,
                        "is_pack": false,
                        "pack_size": null,
                        "unit_name": null,
                        "unit_size": 1.0,
                        "bulk_price": "2.10",
                        "unit_price": "2.10",
                        "approx_size": false,
                        "size_format": "ud",
                        "total_units": null,
                        "unit_selector": true,
                        "bunch_selector": false,
                        "drained_weight": null,
                        "price_decreased": false,
                        "reference_price": "2.10",
                        "min_bunch_amount": 1.0,
                        "reference_format": "ud",
                        "increment_bunch_amount": 1.0
                    }
                },
                {
                    "id": "71570",
                    "limit": 1000,
                    "badges": {
                        "is_water": false,
                        "requires_age_check": false
                    },
                    "packaging": "Paquet",
                    "thumbnail": "https://prod-mercadona.imgix.net/20190521/70/71570/vlc1/71570_00_02.jpg?fit=crop&h=206&w=206",
                    "display_name": "Recanvi tiràs gran Bosque Verde",
                    "bunch_selector": false,
                    "price_instructions": {
                        "iva": 21,
                        "is_new": false,
                        "is_pack": false,
                        "pack_size": null,
                        "unit_name": null,
                        "unit_size": 1.0,
                        "bulk_price": "4.60",
                        "unit_price": "4.60",
                        "approx_size": false,
                        "size_format": "ud",
                        "total_units": null,
                        "unit_selector": true,
                        "bunch_selector": false,
                        "drained_weight": null,
                        "price_decreased": false,
                        "reference_price": "4.60",
                        "min_bunch_amount": 1.0,
                        "reference_format": "ud",
                        "increment_bunch_amount": 1.0
                    }
                },
                {
                    "id": "71504",
                    "limit": 1000,
                    "badges": {
                        "is_water": false,
                        "requires_age_check": false
                    },
                    "packaging": "Paquet",
                    "thumbnail": "https://prod-mercadona.imgix.net/20190521/04/71504/vlc1/71504_00_01.jpg?fit=crop&h=206&w=206",
                    "display_name": "Plomall atrapapols Zeppilin electrostàtic",
                    "bunch_selector": false,
                    "price_instructions": {
                        "iva": 21,
                        "is_new": false,
                        "is_pack": false,
                        "pack_size": null,
                        "unit_name": null,
                        "unit_size": 1.0,
                        "bulk_price": "2.59",
                        "unit_price": "2.59",
                        "approx_size": false,
                        "size_format": "ud",
                        "total_units": null,
                        "unit_selector": true,
                        "bunch_selector": false,
                        "drained_weight": null,
                        "price_decreased": false,
                        "reference_price": "2.59",
                        "min_bunch_amount": 0.0,
                        "reference_format": "ud",
                        "increment_bunch_amount": 0.0
                    }
                },
                {
                    "id": "48604",
                    "limit": 1000,
                    "badges": {
                        "is_water": false,
                        "requires_age_check": false
                    },
                    "packaging": null,
                    "thumbnail": "https://prod-mercadona.imgix.net/20190521/04/48604/vlc1/48604_03_03.jpg?fit=crop&h=206&w=206",
                    "display_name": "Gibrell rodó 5 l Bosque Verde",
                    "bunch_selector": false,
                    "price_instructions": {
                        "iva": 21,
                        "is_new": false,
                        "is_pack": false,
                        "pack_size": null,
                        "unit_name": null,
                        "unit_size": 1.0,
                        "bulk_price": "1.20",
                        "unit_price": "1.20",
                        "approx_size": false,
                        "size_format": "ud",
                        "total_units": null,
                        "unit_selector": true,
                        "bunch_selector": false,
                        "drained_weight": null,
                        "price_decreased": false,
                        "reference_price": "1.20",
                        "min_bunch_amount": 1.0,
                        "reference_format": "ud",
                        "increment_bunch_amount": 1.0
                    }
                },
                {
                    "id": "77319",
                    "limit": 1000,
                    "badges": {
                        "is_water": false,
                        "requires_age_check": false
                    },
                    "packaging": "Pot",
                    "thumbnail": "https://prod-mercadona.imgix.net/20190521/19/77319/vlc1/77319_00_00.jpg?fit=crop&h=206&w=206",
                    "display_name": "Netejador de calçat greix de cavall Búfalo",
                    "bunch_selector": false,
                    "price_instructions": {
                        "iva": 21,
                        "is_new": false,
                        "is_pack": false,
                        "pack_size": null,
                        "unit_name": null,
                        "unit_size": 0.075,
                        "bulk_price": "24.00",
                        "unit_price": "1.80",
                        "approx_size": false,
                        "size_format": "l",
                        "total_units": null,
                        "unit_selector": true,
                        "bunch_selector": false,
                        "drained_weight": null,
                        "price_decreased": false,
                        "reference_price": "24.00",
                        "min_bunch_amount": 1.0,
                        "reference_format": "L",
                        "increment_bunch_amount": 1.0
                    }
                },
                {
                    "id": "48636",
                    "limit": 1000,
                    "badges": {
                        "is_water": false,
                        "requires_age_check": false
                    },
                    "packaging": "Galleda",
                    "thumbnail": "https://prod-mercadona.imgix.net/20190521/36/48636/vlc1/48636_00_00.jpg?fit=crop&h=206&w=206",
                    "display_name": "Galleda de les escombraries amb pedal duo Bosque Verde eco",
                    "bunch_selector": false,
                    "price_instructions": {
                        "iva": 21,
                        "is_new": false,
                        "is_pack": false,
                        "pack_size": null,
                        "unit_name": null,
                        "unit_size": 1.0,
                        "bulk_price": "12.50",
                        "unit_price": "12.50",
                        "approx_size": false,
                        "size_format": "ud",
                        "total_units": null,
                        "unit_selector": true,
                        "bunch_selector": false,
                        "drained_weight": null,
                        "price_decreased": false,
                        "reference_price": "12.50",
                        "min_bunch_amount": 1.0,
                        "reference_format": "ud",
                        "increment_bunch_amount": 1.0
                    }
                },
                {
                    "id": "71155",
                    "limit": 1000,
                    "badges": {
                        "is_water": false,
                        "requires_age_check": false
                    },
                    "packaging": null,
                    "thumbnail": "https://prod-mercadona.imgix.net/20190521/55/71155/vlc1/71155_00_00.jpg?fit=crop&h=206&w=206",
                    "display_name": "Escombra petita Bosque Verde",
                    "bunch_selector": false,
                    "price_instructions": {
                        "iva": 21,
                        "is_new": false,
                        "is_pack": false,
                        "pack_size": null,
                        "unit_name": null,
                        "unit_size": 1.0,
                        "bulk_price": "1.70",
                        "unit_price": "1.70",
                        "approx_size": false,
                        "size_format": "ud",
                        "total_units": null,
                        "unit_selector": true,
                        "bunch_selector": false,
                        "drained_weight": null,
                        "price_decreased": false,
                        "reference_price": "1.70",
                        "min_bunch_amount": 1.0,
                        "reference_format": "ud",
                        "increment_bunch_amount": 1.0
                    }
                },
                {
                    "id": "89803",
                    "limit": 1000,
                    "badges": {
                        "is_water": false,
                        "requires_age_check": false
                    },
                    "packaging": null,
                    "thumbnail": "https://prod-mercadona.imgix.net/20190521/03/89803/vlc1/89803_00_02.jpg?fit=crop&h=206&w=206",
                    "display_name": "Escombreta per a WC Bosque Verde",
                    "bunch_selector": false,
                    "price_instructions": {
                        "iva": 21,
                        "is_new": false,
                        "is_pack": false,
                        "pack_size": null,
                        "unit_name": null,
                        "unit_size": 1.0,
                        "bulk_price": "1.30",
                        "unit_price": "1.30",
                        "approx_size": false,
                        "size_format": "ud",
                        "total_units": null,
                        "unit_selector": true,
                        "bunch_selector": false,
                        "drained_weight": null,
                        "price_decreased": false,
                        "reference_price": "1.30",
                        "min_bunch_amount": 1.0,
                        "reference_format": "ud",
                        "increment_bunch_amount": 1.0
                    }
                },
                {
                    "id": "71161",
                    "limit": 1000,
                    "badges": {
                        "is_water": false,
                        "requires_age_check": false
                    },
                    "packaging": null,
                    "thumbnail": "https://prod-mercadona.imgix.net/20190521/61/71161/vlc1/71161_00_02.jpg?fit=crop&h=206&w=206",
                    "display_name": "Raspall fibres dures Bosque Verde",
                    "bunch_selector": false,
                    "price_instructions": {
                        "iva": 21,
                        "is_new": false,
                        "is_pack": false,
                        "pack_size": null,
                        "unit_name": null,
                        "unit_size": 1.0,
                        "bulk_price": "2.40",
                        "unit_price": "2.40",
                        "approx_size": false,
                        "size_format": "ud",
                        "total_units": null,
                        "unit_selector": true,
                        "bunch_selector": false,
                        "drained_weight": null,
                        "price_decreased": false,
                        "reference_price": "2.40",
                        "min_bunch_amount": 1.0,
                        "reference_format": "ud",
                        "increment_bunch_amount": 1.0
                    }
                },
                {
                    "id": "48652",
                    "limit": 1000,
                    "badges": {
                        "is_water": false,
                        "requires_age_check": false
                    },
                    "packaging": null,
                    "thumbnail": "https://prod-mercadona.imgix.net/20190521/52/48652/vlc1/48652_00_00.jpg?fit=crop&h=206&w=206",
                    "display_name": "Recollidor antibolcada amb pal Bosque Verde",
                    "bunch_selector": false,
                    "price_instructions": {
                        "iva": 21,
                        "is_new": false,
                        "is_pack": false,
                        "pack_size": null,
                        "unit_name": null,
                        "unit_size": 1.0,
                        "bulk_price": "1.20",
                        "unit_price": "1.20",
                        "approx_size": false,
                        "size_format": "ud",
                        "total_units": null,
                        "unit_selector": true,
                        "bunch_selector": false,
                        "drained_weight": null,
                        "price_decreased": false,
                        "reference_price": "1.20",
                        "min_bunch_amount": 1.0,
                        "reference_format": "ud",
                        "increment_bunch_amount": 1.0
                    }
                },
                {
                    "id": "71159",
                    "limit": 1000,
                    "badges": {
                        "is_water": false,
                        "requires_age_check": false
                    },
                    "packaging": null,
                    "thumbnail": "https://prod-mercadona.imgix.net/20190521/59/71159/vlc1/71159_00_02.jpg?fit=crop&h=206&w=206",
                    "display_name": "Mànec antilliscant escombra / pal de fregar Bosque Verde 140 cm",
                    "bunch_selector": false,
                    "price_instructions": {
                        "iva": 21,
                        "is_new": false,
                        "is_pack": false,
                        "pack_size": null,
                        "unit_name": null,
                        "unit_size": 1.0,
                        "bulk_price": "1.50",
                        "unit_price": "1.50",
                        "approx_size": false,
                        "size_format": "ud",
                        "total_units": null,
                        "unit_selector": true,
                        "bunch_selector": false,
                        "drained_weight": null,
                        "price_decreased": false,
                        "reference_price": "1.50",
                        "min_bunch_amount": 1.0,
                        "reference_format": "ud",
                        "increment_bunch_amount": 1.0
                    }
                },
                {
                    "id": "71156",
                    "limit": 1000,
                    "badges": {
                        "is_water": false,
                        "requires_age_check": false
                    },
                    "packaging": null,
                    "thumbnail": "https://prod-mercadona.imgix.net/20190521/56/71156/vlc1/71156_00_02.jpg?fit=crop&h=206&w=206",
                    "display_name": "Escombra Bosque Verde",
                    "bunch_selector": false,
                    "price_instructions": {
                        "iva": 21,
                        "is_new": false,
                        "is_pack": false,
                        "pack_size": null,
                        "unit_name": null,
                        "unit_size": 1.0,
                        "bulk_price": "1.00",
                        "unit_price": "1.00",
                        "approx_size": false,
                        "size_format": "ud",
                        "total_units": null,
                        "unit_selector": true,
                        "bunch_selector": false,
                        "drained_weight": null,
                        "price_decreased": false,
                        "reference_price": "1.00",
                        "min_bunch_amount": 1.0,
                        "reference_format": "ud",
                        "increment_bunch_amount": 1.0
                    }
                },
                {
                    "id": "71160",
                    "limit": 1000,
                    "badges": {
                        "is_water": false,
                        "requires_age_check": false
                    },
                    "packaging": null,
                    "thumbnail": "https://prod-mercadona.imgix.net/20190521/60/71160/vlc1/71160_00_02.jpg?fit=crop&h=206&w=206",
                    "display_name": "Mànec extensible escombra / pal de fregar Bosque Verde 88-150 cm",
                    "bunch_selector": false,
                    "price_instructions": {
                        "iva": 21,
                        "is_new": false,
                        "is_pack": false,
                        "pack_size": null,
                        "unit_name": null,
                        "unit_size": 1.0,
                        "bulk_price": "1.70",
                        "unit_price": "1.70",
                        "approx_size": false,
                        "size_format": "ud",
                        "total_units": null,
                        "unit_selector": true,
                        "bunch_selector": false,
                        "drained_weight": null,
                        "price_decreased": false,
                        "reference_price": "1.70",
                        "min_bunch_amount": 1.0,
                        "reference_format": "ud",
                        "increment_bunch_amount": 1.0
                    }
                },
                {
                    "id": "71168",
                    "limit": 1000,
                    "badges": {
                        "is_water": false,
                        "requires_age_check": false
                    },
                    "packaging": "Paquet",
                    "thumbnail": "https://prod-mercadona.imgix.net/20190521/68/71168/vlc1/71168_00_02.jpg?fit=crop&h=206&w=206",
                    "display_name": "Plantilles gel antilliscants Bosque Verde",
                    "bunch_selector": false,
                    "price_instructions": {
                        "iva": 21,
                        "is_new": false,
                        "is_pack": false,
                        "pack_size": null,
                        "unit_name": null,
                        "unit_size": 2.0,
                        "bulk_price": "1.50",
                        "unit_price": "3.00",
                        "approx_size": false,
                        "size_format": "ud",
                        "total_units": null,
                        "unit_selector": true,
                        "bunch_selector": false,
                        "drained_weight": null,
                        "price_decreased": false,
                        "reference_price": "1.50",
                        "min_bunch_amount": 1.0,
                        "reference_format": "ud",
                        "increment_bunch_amount": 1.0
                    }
                },
                {
                    "id": "71169",
                    "limit": 1000,
                    "badges": {
                        "is_water": false,
                        "requires_age_check": false
                    },
                    "packaging": "Paquet",
                    "thumbnail": "https://prod-mercadona.imgix.net/20190521/69/71169/vlc1/71169_00_02.jpg?fit=crop&h=206&w=206",
                    "display_name": "Plantilles sport talla 35-40 Bosque Verde",
                    "bunch_selector": false,
                    "price_instructions": {
                        "iva": 21,
                        "is_new": false,
                        "is_pack": false,
                        "pack_size": null,
                        "unit_name": null,
                        "unit_size": 2.0,
                        "bulk_price": "2.10",
                        "unit_price": "4.20",
                        "approx_size": false,
                        "size_format": "ud",
                        "total_units": null,
                        "unit_selector": true,
                        "bunch_selector": false,
                        "drained_weight": null,
                        "price_decreased": false,
                        "reference_price": "2.10",
                        "min_bunch_amount": 1.0,
                        "reference_format": "ud",
                        "increment_bunch_amount": 1.0
                    }
                },
                {
                    "id": "71170",
                    "limit": 1000,
                    "badges": {
                        "is_water": false,
                        "requires_age_check": false
                    },
                    "packaging": "Paquet",
                    "thumbnail": "https://prod-mercadona.imgix.net/20190521/70/71170/vlc1/71170_00_02.jpg?fit=crop&h=206&w=206",
                    "display_name": "Plantilles sport talla 41-46 Bosque Verde",
                    "bunch_selector": false,
                    "price_instructions": {
                        "iva": 21,
                        "is_new": false,
                        "is_pack": false,
                        "pack_size": null,
                        "unit_name": null,
                        "unit_size": 2.0,
                        "bulk_price": "2.10",
                        "unit_price": "4.20",
                        "approx_size": false,
                        "size_format": "ud",
                        "total_units": null,
                        "unit_selector": true,
                        "bunch_selector": false,
                        "drained_weight": null,
                        "price_decreased": false,
                        "reference_price": "2.10",
                        "min_bunch_amount": 1.0,
                        "reference_format": "ud",
                        "increment_bunch_amount": 1.0
                    }
                },
                {
                    "id": "71171",
                    "limit": 1000,
                    "badges": {
                        "is_water": false,
                        "requires_age_check": false
                    },
                    "packaging": "Paquet",
                    "thumbnail": "https://prod-mercadona.imgix.net/20190521/71/71171/vlc1/71171_00_02.jpg?fit=crop&h=206&w=206",
                    "display_name": "Plantilles memory talla 22-46 Bosque Verde",
                    "bunch_selector": false,
                    "price_instructions": {
                        "iva": 21,
                        "is_new": false,
                        "is_pack": false,
                        "pack_size": null,
                        "unit_name": null,
                        "unit_size": 2.0,
                        "bulk_price": "1.75",
                        "unit_price": "3.50",
                        "approx_size": false,
                        "size_format": "ud",
                        "total_units": null,
                        "unit_selector": true,
                        "bunch_selector": false,
                        "drained_weight": null,
                        "price_decreased": false,
                        "reference_price": "1.75",
                        "min_bunch_amount": 1.0,
                        "reference_format": "ud",
                        "increment_bunch_amount": 1.0
                    }
                },
                {
                    "id": "71166",
                    "limit": 1000,
                    "badges": {
                        "is_water": false,
                        "requires_age_check": false
                    },
                    "packaging": "Paquet",
                    "thumbnail": "https://prod-mercadona.imgix.net/20190521/66/71166/vlc1/71166_00_02.jpg?fit=crop&h=206&w=206",
                    "display_name": "Plantilles pell talla 22-46 Bosque Verde",
                    "bunch_selector": false,
                    "price_instructions": {
                        "iva": 21,
                        "is_new": false,
                        "is_pack": false,
                        "pack_size": null,
                        "unit_name": null,
                        "unit_size": 2.0,
                        "bulk_price": "1.62",
                        "unit_price": "3.25",
                        "approx_size": false,
                        "size_format": "ud",
                        "total_units": null,
                        "unit_selector": true,
                        "bunch_selector": false,
                        "drained_weight": null,
                        "price_decreased": false,
                        "reference_price": "1.62",
                        "min_bunch_amount": 1.0,
                        "reference_format": "ud",
                        "increment_bunch_amount": 1.0
                    }
                },
                {
                    "id": "71173",
                    "limit": 1000,
                    "badges": {
                        "is_water": false,
                        "requires_age_check": false
                    },
                    "packaging": "Paquet",
                    "thumbnail": "https://prod-mercadona.imgix.net/20190521/73/71173/vlc1/71173_00_02.jpg?fit=crop&h=206&w=206",
                    "display_name": "Plantilles confort talla 35-46 Bosque Verde",
                    "bunch_selector": false,
                    "price_instructions": {
                        "iva": 21,
                        "is_new": false,
                        "is_pack": false,
                        "pack_size": null,
                        "unit_name": null,
                        "unit_size": 2.0,
                        "bulk_price": "1.85",
                        "unit_price": "3.70",
                        "approx_size": false,
                        "size_format": "ud",
                        "total_units": null,
                        "unit_selector": true,
                        "bunch_selector": false,
                        "drained_weight": null,
                        "price_decreased": false,
                        "reference_price": "1.85",
                        "min_bunch_amount": 1.0,
                        "reference_format": "ud",
                        "increment_bunch_amount": 1.0
                    }
                },
                {
                    "id": "71167",
                    "limit": 1000,
                    "badges": {
                        "is_water": false,
                        "requires_age_check": false
                    },
                    "packaging": "Paquet",
                    "thumbnail": "https://prod-mercadona.imgix.net/20190521/67/71167/vlc1/71167_00_02.jpg?fit=crop&h=206&w=206",
                    "display_name": "Talonera de pell Bosque Verde",
                    "bunch_selector": false,
                    "price_instructions": {
                        "iva": 21,
                        "is_new": false,
                        "is_pack": false,
                        "pack_size": null,
                        "unit_name": null,
                        "unit_size": 2.0,
                        "bulk_price": "1.08",
                        "unit_price": "2.15",
                        "approx_size": false,
                        "size_format": "ud",
                        "total_units": null,
                        "unit_selector": true,
                        "bunch_selector": false,
                        "drained_weight": null,
                        "price_decreased": false,
                        "reference_price": "1.08",
                        "min_bunch_amount": 1.0,
                        "reference_format": "ud",
                        "increment_bunch_amount": 1.0
                    }
                },
                {
                    "id": "71174",
                    "limit": 1000,
                    "badges": {
                        "is_water": false,
                        "requires_age_check": false
                    },
                    "packaging": "Paquet",
                    "thumbnail": "https://prod-mercadona.imgix.net/20190521/74/71174/vlc1/71174_00_02.jpg?fit=crop&h=206&w=206",
                    "display_name": "Plantilles treball talla 41-46 Bosque Verde",
                    "bunch_selector": false,
                    "price_instructions": {
                        "iva": 21,
                        "is_new": false,
                        "is_pack": false,
                        "pack_size": null,
                        "unit_name": null,
                        "unit_size": 2.0,
                        "bulk_price": "1.98",
                        "unit_price": "3.95",
                        "approx_size": false,
                        "size_format": "ud",
                        "total_units": null,
                        "unit_selector": true,
                        "bunch_selector": false,
                        "drained_weight": null,
                        "price_decreased": false,
                        "reference_price": "1.98",
                        "min_bunch_amount": 1.0,
                        "reference_format": "ud",
                        "increment_bunch_amount": 1.0
                    }
                },
                {
                    "id": "71180",
                    "limit": 1000,
                    "badges": {
                        "is_water": false,
                        "requires_age_check": false
                    },
                    "packaging": "Paquet",
                    "thumbnail": "https://prod-mercadona.imgix.net/20190521/80/71180/vlc1/71180_00_02.jpg?fit=crop&h=206&w=206",
                    "display_name": "Plantilles treball talla 35-40 Bosque Verde",
                    "bunch_selector": false,
                    "price_instructions": {
                        "iva": 21,
                        "is_new": false,
                        "is_pack": false,
                        "pack_size": null,
                        "unit_name": null,
                        "unit_size": 2.0,
                        "bulk_price": "1.98",
                        "unit_price": "3.95",
                        "approx_size": false,
                        "size_format": "ud",
                        "total_units": null,
                        "unit_selector": true,
                        "bunch_selector": false,
                        "drained_weight": null,
                        "price_decreased": false,
                        "reference_price": "1.98",
                        "min_bunch_amount": 1.0,
                        "reference_format": "ud",
                        "increment_bunch_amount": 1.0
                    }
                },
                {
                    "id": "71175",
                    "limit": 1000,
                    "badges": {
                        "is_water": false,
                        "requires_age_check": false
                    },
                    "packaging": "Paquet",
                    "thumbnail": "https://prod-mercadona.imgix.net/20190521/75/71175/vlc1/71175_00_02.jpg?fit=crop&h=206&w=206",
                    "display_name": "Protector taló Bosque Verde",
                    "bunch_selector": false,
                    "price_instructions": {
                        "iva": 21,
                        "is_new": false,
                        "is_pack": false,
                        "pack_size": null,
                        "unit_name": null,
                        "unit_size": 2.0,
                        "bulk_price": "0.80",
                        "unit_price": "1.60",
                        "approx_size": false,
                        "size_format": "ud",
                        "total_units": null,
                        "unit_selector": true,
                        "bunch_selector": false,
                        "drained_weight": null,
                        "price_decreased": false,
                        "reference_price": "0.80",
                        "min_bunch_amount": 1.0,
                        "reference_format": "ud",
                        "increment_bunch_amount": 1.0
                    }
                },
                {
                    "id": "71176",
                    "limit": 1000,
                    "badges": {
                        "is_water": false,
                        "requires_age_check": false
                    },
                    "packaging": "Paquet",
                    "thumbnail": "https://prod-mercadona.imgix.net/20190521/76/71176/vlc1/71176_00_02.jpg?fit=crop&h=206&w=206",
                    "display_name": "Plantilles àloe + carbó actiu talla 22-46 Bosque Verde",
                    "bunch_selector": false,
                    "price_instructions": {
                        "iva": 21,
                        "is_new": false,
                        "is_pack": false,
                        "pack_size": null,
                        "unit_name": null,
                        "unit_size": 2.0,
                        "bulk_price": "1.10",
                        "unit_price": "2.20",
                        "approx_size": false,
                        "size_format": "ud",
                        "total_units": null,
                        "unit_selector": true,
                        "bunch_selector": false,
                        "drained_weight": null,
                        "price_decreased": false,
                        "reference_price": "1.10",
                        "min_bunch_amount": 1.0,
                        "reference_format": "ud",
                        "increment_bunch_amount": 1.0
                    }
                },
                {
                    "id": "71177",
                    "limit": 1000,
                    "badges": {
                        "is_water": false,
                        "requires_age_check": false
                    },
                    "packaging": "Paquet",
                    "thumbnail": "https://prod-mercadona.imgix.net/20190521/77/71177/vlc1/71177_00_02.jpg?fit=crop&h=206&w=206",
                    "display_name": "Plantilles hivern talla 22-46 Bosque Verde",
                    "bunch_selector": false,
                    "price_instructions": {
                        "iva": 21,
                        "is_new": false,
                        "is_pack": false,
                        "pack_size": null,
                        "unit_name": null,
                        "unit_size": 2.0,
                        "bulk_price": "1.10",
                        "unit_price": "2.20",
                        "approx_size": false,
                        "size_format": "ud",
                        "total_units": null,
                        "unit_selector": true,
                        "bunch_selector": false,
                        "drained_weight": null,
                        "price_decreased": false,
                        "reference_price": "1.10",
                        "min_bunch_amount": 1.0,
                        "reference_format": "ud",
                        "increment_bunch_amount": 1.0
                    }
                },
                {
                    "id": "71178",
                    "limit": 1000,
                    "badges": {
                        "is_water": false,
                        "requires_age_check": false
                    },
                    "packaging": "Paquet",
                    "thumbnail": "https://prod-mercadona.imgix.net/20190521/78/71178/vlc1/71178_00_02.jpg?fit=crop&h=206&w=206",
                    "display_name": "Plantilles gel talla 35-40 Bosque Verde",
                    "bunch_selector": false,
                    "price_instructions": {
                        "iva": 21,
                        "is_new": false,
                        "is_pack": false,
                        "pack_size": null,
                        "unit_name": null,
                        "unit_size": 2.0,
                        "bulk_price": "2.00",
                        "unit_price": "4.00",
                        "approx_size": false,
                        "size_format": "ud",
                        "total_units": null,
                        "unit_selector": true,
                        "bunch_selector": false,
                        "drained_weight": null,
                        "price_decreased": false,
                        "reference_price": "2.00",
                        "min_bunch_amount": 1.0,
                        "reference_format": "ud",
                        "increment_bunch_amount": 1.0
                    }
                },
                {
                    "id": "71179",
                    "limit": 1000,
                    "badges": {
                        "is_water": false,
                        "requires_age_check": false
                    },
                    "packaging": "Paquet",
                    "thumbnail": "https://prod-mercadona.imgix.net/20190521/79/71179/vlc1/71179_00_02.jpg?fit=crop&h=206&w=206",
                    "display_name": "Plantilles gel talla 41-46 Bosque Verde",
                    "bunch_selector": false,
                    "price_instructions": {
                        "iva": 21,
                        "is_new": false,
                        "is_pack": false,
                        "pack_size": null,
                        "unit_name": null,
                        "unit_size": 2.0,
                        "bulk_price": "2.00",
                        "unit_price": "4.00",
                        "approx_size": false,
                        "size_format": "ud",
                        "total_units": null,
                        "unit_selector": true,
                        "bunch_selector": false,
                        "drained_weight": null,
                        "price_decreased": false,
                        "reference_price": "2.00",
                        "min_bunch_amount": 1.0,
                        "reference_format": "ud",
                        "increment_bunch_amount": 1.0
                    }
                },
                {
                    "id": "71172",
                    "limit": 1000,
                    "badges": {
                        "is_water": false,
                        "requires_age_check": false
                    },
                    "packaging": "Paquet",
                    "thumbnail": "https://prod-mercadona.imgix.net/20190521/72/71172/vlc1/71172_00_02.jpg?fit=crop&h=206&w=206",
                    "display_name": "Plantilles lady talla 37-40 Bosque Verde",
                    "bunch_selector": false,
                    "price_instructions": {
                        "iva": 21,
                        "is_new": false,
                        "is_pack": false,
                        "pack_size": null,
                        "unit_name": null,
                        "unit_size": 2.0,
                        "bulk_price": "1.60",
                        "unit_price": "3.20",
                        "approx_size": false,
                        "size_format": "ud",
                        "total_units": null,
                        "unit_selector": true,
                        "bunch_selector": false,
                        "drained_weight": null,
                        "price_decreased": false,
                        "reference_price": "1.60",
                        "min_bunch_amount": 1.0,
                        "reference_format": "ud",
                        "increment_bunch_amount": 1.0
                    }
                },
                {
                    "id": "48653",
                    "limit": 1000,
                    "badges": {
                        "is_water": false,
                        "requires_age_check": false
                    },
                    "packaging": null,
                    "thumbnail": "https://prod-mercadona.imgix.net/20190521/53/48653/vlc1/48653_00_02.jpg?fit=crop&h=206&w=206",
                    "display_name": "Recollidor de mà amb raspall Bosque Verde",
                    "bunch_selector": false,
                    "price_instructions": {
                        "iva": 21,
                        "is_new": false,
                        "is_pack": false,
                        "pack_size": null,
                        "unit_name": null,
                        "unit_size": 1.0,
                        "bulk_price": "2.00",
                        "unit_price": "2.00",
                        "approx_size": false,
                        "size_format": "ud",
                        "total_units": null,
                        "unit_selector": true,
                        "bunch_selector": false,
                        "drained_weight": null,
                        "price_decreased": false,
                        "reference_price": "2.00",
                        "min_bunch_amount": 1.0,
                        "reference_format": "ud",
                        "increment_bunch_amount": 1.0
                    }
                },
                {
                    "id": "71403",
                    "limit": 1000,
                    "badges": {
                        "is_water": false,
                        "requires_age_check": false
                    },
                    "packaging": "Paquet",
                    "thumbnail": "https://prod-mercadona.imgix.net/20190521/03/71403/vlc1/71403_00_02.jpg?fit=crop&h=206&w=206",
                    "display_name": "Baieta de pal microfibra absorbent Bosque Verde",
                    "bunch_selector": false,
                    "price_instructions": {
                        "iva": 21,
                        "is_new": false,
                        "is_pack": false,
                        "pack_size": null,
                        "unit_name": null,
                        "unit_size": 2.0,
                        "bulk_price": "1.48",
                        "unit_price": "2.95",
                        "approx_size": false,
                        "size_format": "ud",
                        "total_units": null,
                        "unit_selector": true,
                        "bunch_selector": false,
                        "drained_weight": null,
                        "price_decreased": false,
                        "reference_price": "1.48",
                        "min_bunch_amount": 1.0,
                        "reference_format": "ud",
                        "increment_bunch_amount": 1.0
                    }
                },
                {
                    "id": "71071",
                    "limit": 1000,
                    "badges": {
                        "is_water": false,
                        "requires_age_check": false
                    },
                    "packaging": "Paquet",
                    "thumbnail": "https://prod-mercadona.imgix.net/20190521/71/71071/vlc1/71071_00_02.jpg?fit=crop&h=206&w=206",
                    "display_name": "Baieta de pal resistent i absorbent Bosque Verde",
                    "bunch_selector": false,
                    "price_instructions": {
                        "iva": 21,
                        "is_new": false,
                        "is_pack": false,
                        "pack_size": null,
                        "unit_name": null,
                        "unit_size": 2.0,
                        "bulk_price": "0.88",
                        "unit_price": "1.75",
                        "approx_size": false,
                        "size_format": "ud",
                        "total_units": null,
                        "unit_selector": true,
                        "bunch_selector": false,
                        "drained_weight": null,
                        "price_decreased": false,
                        "reference_price": "0.88",
                        "min_bunch_amount": 1.0,
                        "reference_format": "ud",
                        "increment_bunch_amount": 1.0
                    }
                },
                {
                    "id": "71404",
                    "limit": 1000,
                    "badges": {
                        "is_water": false,
                        "requires_age_check": false
                    },
                    "packaging": "Paquet",
                    "thumbnail": "https://prod-mercadona.imgix.net/20190521/04/71404/vlc1/71404_00_02.jpg?fit=crop&h=206&w=206",
                    "display_name": "Baieta de pal suau Bosque Verde",
                    "bunch_selector": false,
                    "price_instructions": {
                        "iva": 21,
                        "is_new": false,
                        "is_pack": false,
                        "pack_size": null,
                        "unit_name": null,
                        "unit_size": 1.0,
                        "bulk_price": "0.70",
                        "unit_price": "0.70",
                        "approx_size": false,
                        "size_format": "ud",
                        "total_units": null,
                        "unit_selector": true,
                        "bunch_selector": false,
                        "drained_weight": null,
                        "price_decreased": false,
                        "reference_price": "0.70",
                        "min_bunch_amount": 0.0,
                        "reference_format": "ud",
                        "increment_bunch_amount": 0.0
                    }
                },
                {
                    "id": "71450",
                    "limit": 1000,
                    "badges": {
                        "is_water": false,
                        "requires_age_check": false
                    },
                    "packaging": "Paquet",
                    "thumbnail": "https://prod-mercadona.imgix.net/20190521/50/71450/vlc1/71450_00_02.jpg?fit=crop&h=206&w=206",
                    "display_name": "Baieta de pal cotó Bosque Verde",
                    "bunch_selector": false,
                    "price_instructions": {
                        "iva": 21,
                        "is_new": false,
                        "is_pack": false,
                        "pack_size": null,
                        "unit_name": null,
                        "unit_size": 1.0,
                        "bulk_price": "0.90",
                        "unit_price": "0.90",
                        "approx_size": false,
                        "size_format": "ud",
                        "total_units": null,
                        "unit_selector": true,
                        "bunch_selector": false,
                        "drained_weight": null,
                        "price_decreased": false,
                        "reference_price": "0.90",
                        "min_bunch_amount": 0.0,
                        "reference_format": "ud",
                        "increment_bunch_amount": 0.0
                    }
                },
                {
                    "id": "71407",
                    "limit": 1000,
                    "badges": {
                        "is_water": false,
                        "requires_age_check": false
                    },
                    "packaging": "Paquet",
                    "thumbnail": "https://prod-mercadona.imgix.net/20190521/07/71407/vlc1/71407_00_02.jpg?fit=crop&h=206&w=206",
                    "display_name": "Baieta de pal microfibra resistent Bosque Verde",
                    "bunch_selector": false,
                    "price_instructions": {
                        "iva": 21,
                        "is_new": false,
                        "is_pack": false,
                        "pack_size": null,
                        "unit_name": null,
                        "unit_size": 1.0,
                        "bulk_price": "3.95",
                        "unit_price": "3.95",
                        "approx_size": false,
                        "size_format": "ud",
                        "total_units": null,
                        "unit_selector": true,
                        "bunch_selector": false,
                        "drained_weight": null,
                        "price_decreased": false,
                        "reference_price": "3.95",
                        "min_bunch_amount": 1.0,
                        "reference_format": "ud",
                        "increment_bunch_amount": 1.0
                    }
                },
                {
                    "id": "71452",
                    "limit": 1000,
                    "badges": {
                        "is_water": false,
                        "requires_age_check": false
                    },
                    "packaging": "Paquet",
                    "thumbnail": "https://prod-mercadona.imgix.net/20190521/52/71452/vlc1/71452_00_02.jpg?fit=crop&h=206&w=206",
                    "display_name": "Baieta de pal microfibra absorbent Bosque Verde",
                    "bunch_selector": false,
                    "price_instructions": {
                        "iva": 21,
                        "is_new": false,
                        "is_pack": false,
                        "pack_size": null,
                        "unit_name": null,
                        "unit_size": 1.0,
                        "bulk_price": "1.60",
                        "unit_price": "1.60",
                        "approx_size": false,
                        "size_format": "ud",
                        "total_units": null,
                        "unit_selector": true,
                        "bunch_selector": false,
                        "drained_weight": null,
                        "price_decreased": false,
                        "reference_price": "1.60",
                        "min_bunch_amount": 1.0,
                        "reference_format": "ud",
                        "increment_bunch_amount": 1.0
                    }
                },
                {
                    "id": "71014",
                    "limit": 1000,
                    "badges": {
                        "is_water": false,
                        "requires_age_check": false
                    },
                    "packaging": null,
                    "thumbnail": "https://prod-mercadona.imgix.net/20190521/14/71014/vlc1/71014_00_00.jpg?fit=crop&h=206&w=206",
                    "display_name": "Escombra de goma Zeppilin",
                    "bunch_selector": false,
                    "price_instructions": {
                        "iva": 21,
                        "is_new": false,
                        "is_pack": false,
                        "pack_size": null,
                        "unit_name": null,
                        "unit_size": 1.0,
                        "bulk_price": "3.99",
                        "unit_price": "3.99",
                        "approx_size": false,
                        "size_format": "ud",
                        "total_units": null,
                        "unit_selector": true,
                        "bunch_selector": false,
                        "drained_weight": null,
                        "price_decreased": false,
                        "reference_price": "3.99",
                        "min_bunch_amount": 0.0,
                        "reference_format": "ud",
                        "increment_bunch_amount": 0.0
                    }
                },
                {
                    "id": "71028",
                    "limit": 1000,
                    "badges": {
                        "is_water": false,
                        "requires_age_check": false
                    },
                    "packaging": "Paquet",
                    "thumbnail": "https://prod-mercadona.imgix.net/20190521/28/71028/vlc1/71028_00_02.jpg?fit=crop&h=206&w=206",
                    "display_name": "Recanvis plomall Bosque Verde",
                    "bunch_selector": false,
                    "price_instructions": {
                        "iva": 21,
                        "is_new": false,
                        "is_pack": false,
                        "pack_size": null,
                        "unit_name": null,
                        "unit_size": 5.0,
                        "bulk_price": "0.33",
                        "unit_price": "1.65",
                        "approx_size": false,
                        "size_format": "ud",
                        "total_units": null,
                        "unit_selector": true,
                        "bunch_selector": false,
                        "drained_weight": null,
                        "price_decreased": false,
                        "reference_price": "0.33",
                        "min_bunch_amount": 1.0,
                        "reference_format": "ud",
                        "increment_bunch_amount": 1.0
                    }
                },
                {
                    "id": "71054",
                    "limit": 1000,
                    "badges": {
                        "is_water": false,
                        "requires_age_check": false
                    },
                    "packaging": "Paquet",
                    "thumbnail": "https://prod-mercadona.imgix.net/20190521/54/71054/vlc1/71054_00_02.jpg?fit=crop&h=206&w=206",
                    "display_name": "Recanvi tiràs microfibra petit Bosque Verde",
                    "bunch_selector": false,
                    "price_instructions": {
                        "iva": 21,
                        "is_new": false,
                        "is_pack": false,
                        "pack_size": null,
                        "unit_name": null,
                        "unit_size": 1.0,
                        "bulk_price": "3.50",
                        "unit_price": "3.50",
                        "approx_size": false,
                        "size_format": "ud",
                        "total_units": null,
                        "unit_selector": true,
                        "bunch_selector": false,
                        "drained_weight": null,
                        "price_decreased": false,
                        "reference_price": "3.50",
                        "min_bunch_amount": 1.0,
                        "reference_format": "ud",
                        "increment_bunch_amount": 1.0
                    }
                }
            ],
            "is_extended": false
        }
    ],
    "is_extended": false
}