{
    "id": 14,
    "name": "Conserves, brous i cremes",
    "layout": 2,
    "categories": [
        {
            "id": 122,
            "name": "Tonyina i altres conserves de peix",
            "layout": 1,
            "products": [
                {
                    "id": "18031",
                    "limit": 1000,
                    "badges": {
                        "is_water": false,
                        "requires_age_check": false
                    },
                    "packaging": null,
                    "thumbnail": "https://prod-mercadona.imgix.net/20190521/31/18031/vlc1/18031_00_02.jpg?fit=crop&h=206&w=206",
                    "display_name": "Tonyina clara en escabetx blanc Hacendado",
                    "bunch_selector": false,
                    "price_instructions": {
                        "iva": 10,
                        "is_new": false,
                        "is_pack": false,
                        "pack_size": null,
                        "unit_name": "llaunes",
                        "unit_size": 0.48,
                        "bulk_price": "8.12",
                        "unit_price": "3.90",
                        "approx_size": false,
                        "size_format": "kg",
                        "total_units": 6,
                        "unit_selector": true,
                        "bunch_selector": false,
                        "drained_weight": 0.36,
                        "price_decreased": false,
                        "reference_price": "10.83",
                        "min_bunch_amount": 1.0,
                        "reference_format": "kg",
                        "increment_bunch_amount": 1.0
                    }
                },
                {
                    "id": "18210",
                    "limit": 1000,
                    "badges": {
                        "is_water": false,
                        "requires_age_check": false
                    },
                    "packaging": "Paquet-2",
                    "thumbnail": "https://prod-mercadona.imgix.net/20190521/10/18210/vlc1/18210_00_02.jpg?fit=crop&h=206&w=206",
                    "display_name": "Sardinetes en oli d'oliva Hacendado",
                    "bunch_selector": false,
                    "price_instructions": {
                        "iva": 10,
                        "is_new": false,
                        "is_pack": true,
                        "pack_size": 0.065,
                        "unit_name": "llaunes",
                        "unit_size": 0.18,
                        "bulk_price": "7.17",
                        "unit_price": "1.29",
                        "approx_size": false,
                        "size_format": "kg",
                        "total_units": 2,
                        "unit_selector": true,
                        "bunch_selector": false,
                        "drained_weight": 0.13,
                        "price_decreased": false,
                        "reference_price": "9.92",
                        "min_bunch_amount": 1.0,
                        "reference_format": "kg",
                        "increment_bunch_amount": 1.0
                    }
                },
                {
                    "id": "18214",
                    "limit": 1000,
                    "badges": {
                        "is_water": false,
                        "requires_age_check": false
                    },
                    "packaging": "Paquet-2",
                    "thumbnail": "https://prod-mercadona.imgix.net/20190521/14/18214/vlc1/18214_00_02.jpg?fit=crop&h=206&w=206",
                    "display_name": "Sardinetes reduïdes en sal Hacendado en oli d'oliva",
                    "bunch_selector": false,
                    "price_instructions": {
                        "iva": 10,
                        "is_new": false,
                        "is_pack": true,
                        "pack_size": 0.065,
                        "unit_name": "llaunes",
                        "unit_size": 0.18,
                        "bulk_price": "7.67",
                        "unit_price": "1.38",
                        "approx_size": false,
                        "size_format": "kg",
                        "total_units": 2,
                        "unit_selector": true,
                        "bunch_selector": false,
                        "drained_weight": 0.13,
                        "price_decreased": false,
                        "reference_price": "10.62",
                        "min_bunch_amount": 1.0,
                        "reference_format": "kg",
                        "increment_bunch_amount": 1.0
                    }
                },
                {
                    "id": "18209",
                    "limit": 1000,
                    "badges": {
                        "is_water": false,
                        "requires_age_check": false
                    },
                    "packaging": "Paquet-2",
                    "thumbnail": "https://prod-mercadona.imgix.net/20190521/09/18209/vlc1/18209_00_02.jpg?fit=crop&h=206&w=206",
                    "display_name": "Sardinetes en tomàquet Hacendado",
                    "bunch_selector": false,
                    "price_instructions": {
                        "iva": 10,
                        "is_new": false,
                        "is_pack": true,
                        "pack_size": 0.065,
                        "unit_name": "llaunes",
                        "unit_size": 0.18,
                        "bulk_price": "6.33",
                        "unit_price": "1.14",
                        "approx_size": false,
                        "size_format": "kg",
                        "total_units": 2,
                        "unit_selector": true,
                        "bunch_selector": false,
                        "drained_weight": 0.13,
                        "price_decreased": false,
                        "reference_price": "8.77",
                        "min_bunch_amount": 1.0,
                        "reference_format": "kg",
                        "increment_bunch_amount": 1.0
                    }
                },
                {
                    "id": "18011",
                    "limit": 1000,
                    "badges": {
                        "is_water": false,
                        "requires_age_check": false
                    },
                    "packaging": "Llauna",
                    "thumbnail": "https://prod-mercadona.imgix.net/20190521/11/18011/vlc1/18011_00_02.jpg?fit=crop&h=206&w=206",
                    "display_name": "Ventresca de tonyina clara Hacendado en oli d'oliva",
                    "bunch_selector": false,
                    "price_instructions": {
                        "iva": 10,
                        "is_new": false,
                        "is_pack": false,
                        "pack_size": null,
                        "unit_name": null,
                        "unit_size": 0.111,
                        "bulk_price": "19.37",
                        "unit_price": "2.15",
                        "approx_size": false,
                        "size_format": "kg",
                        "total_units": null,
                        "unit_selector": true,
                        "bunch_selector": false,
                        "drained_weight": 0.078,
                        "price_decreased": false,
                        "reference_price": "27.56",
                        "min_bunch_amount": 1.0,
                        "reference_format": "kg",
                        "increment_bunch_amount": 1.0
                    }
                },
                {
                    "id": "18213",
                    "limit": 1000,
                    "badges": {
                        "is_water": false,
                        "requires_age_check": false
                    },
                    "packaging": "Paquet-2",
                    "thumbnail": "https://prod-mercadona.imgix.net/20190521/13/18213/vlc1/18213_00_02.jpg?fit=crop&h=206&w=206",
                    "display_name": "Sardinetes en oli de gira-sol Hacendado",
                    "bunch_selector": false,
                    "price_instructions": {
                        "iva": 10,
                        "is_new": false,
                        "is_pack": true,
                        "pack_size": 0.065,
                        "unit_name": "llaunes",
                        "unit_size": 0.18,
                        "bulk_price": "6.39",
                        "unit_price": "1.15",
                        "approx_size": false,
                        "size_format": "kg",
                        "total_units": 2,
                        "unit_selector": true,
                        "bunch_selector": false,
                        "drained_weight": 0.13,
                        "price_decreased": false,
                        "reference_price": "8.85",
                        "min_bunch_amount": 1.0,
                        "reference_format": "kg",
                        "increment_bunch_amount": 1.0
                    }
                },
                {
                    "id": "18814",
                    "limit": 1000,
                    "badges": {
                        "is_water": false,
                        "requires_age_check": false
                    },
                    "packaging": "Llauna",
                    "thumbnail": "https://prod-mercadona.imgix.net/20190521/14/18814/vlc1/18814_00_02.jpg?fit=crop&h=206&w=206",
                    "display_name": "La Gula del Norte saltada amb allada Ubago",
                    "bunch_selector": false,
                    "price_instructions": {
                        "iva": 10,
                        "is_new": false,
                        "is_pack": false,
                        "pack_size": null,
                        "unit_name": null,
                        "unit_size": 0.085,
                        "bulk_price": "11.76",
                        "unit_price": "1.00",
                        "approx_size": false,
                        "size_format": "kg",
                        "total_units": null,
                        "unit_selector": true,
                        "bunch_selector": false,
                        "drained_weight": 0.042,
                        "price_decreased": false,
                        "reference_price": "23.81",
                        "min_bunch_amount": 1.0,
                        "reference_format": "kg",
                        "increment_bunch_amount": 1.0
                    }
                },
                {
                    "id": "18730",
                    "limit": 1000,
                    "badges": {
                        "is_water": false,
                        "requires_age_check": false
                    },
                    "packaging": "Paquet-3",
                    "thumbnail": "https://prod-mercadona.imgix.net/20190521/30/18730/vlc1/18730_00_02.jpg?fit=crop&h=206&w=206",
                    "display_name": "Daus  de pota a la marinera Hacendado",
                    "bunch_selector": false,
                    "price_instructions": {
                        "iva": 10,
                        "is_new": false,
                        "is_pack": true,
                        "pack_size": 0.054,
                        "unit_name": "llaunes",
                        "unit_size": 0.24,
                        "bulk_price": "9.58",
                        "unit_price": "2.30",
                        "approx_size": false,
                        "size_format": "kg",
                        "total_units": 3,
                        "unit_selector": true,
                        "bunch_selector": false,
                        "drained_weight": 0.162,
                        "price_decreased": false,
                        "reference_price": "14.20",
                        "min_bunch_amount": 1.0,
                        "reference_format": "kg",
                        "increment_bunch_amount": 1.0
                    }
                },
                {
                    "id": "18726",
                    "limit": 1000,
                    "badges": {
                        "is_water": false,
                        "requires_age_check": false
                    },
                    "packaging": "Llauna",
                    "thumbnail": "https://prod-mercadona.imgix.net/20190521/26/18726/vlc1/18726_00_02.jpg?fit=crop&h=206&w=206",
                    "display_name": "Pop en oli d'oliva Hacendado",
                    "bunch_selector": false,
                    "price_instructions": {
                        "iva": 10,
                        "is_new": false,
                        "is_pack": false,
                        "pack_size": null,
                        "unit_name": null,
                        "unit_size": 0.115,
                        "bulk_price": "32.61",
                        "unit_price": "3.75",
                        "approx_size": false,
                        "size_format": "kg",
                        "total_units": null,
                        "unit_selector": true,
                        "bunch_selector": false,
                        "drained_weight": 0.075,
                        "price_decreased": false,
                        "reference_price": "50.00",
                        "min_bunch_amount": 1.0,
                        "reference_format": "kg",
                        "increment_bunch_amount": 1.0
                    }
                },
                {
                    "id": "18715",
                    "limit": 1000,
                    "badges": {
                        "is_water": false,
                        "requires_age_check": false
                    },
                    "packaging": "Llauna",
                    "thumbnail": "https://prod-mercadona.imgix.net/20190521/15/18715/vlc1/18715_00_02.jpg?fit=crop&h=206&w=206",
                    "display_name": "Trossos de sípia en tinta Hacendado",
                    "bunch_selector": false,
                    "price_instructions": {
                        "iva": 10,
                        "is_new": false,
                        "is_pack": false,
                        "pack_size": null,
                        "unit_name": null,
                        "unit_size": 0.115,
                        "bulk_price": "16.35",
                        "unit_price": "1.88",
                        "approx_size": false,
                        "size_format": "kg",
                        "total_units": null,
                        "unit_selector": true,
                        "bunch_selector": false,
                        "drained_weight": 0.08,
                        "price_decreased": false,
                        "reference_price": "23.50",
                        "min_bunch_amount": 1.0,
                        "reference_format": "kg",
                        "increment_bunch_amount": 1.0
                    }
                },
                {
                    "id": "18330",
                    "limit": 1000,
                    "badges": {
                        "is_water": false,
                        "requires_age_check": false
                    },
                    "packaging": "Llauna",
                    "thumbnail": "https://prod-mercadona.imgix.net/20190521/30/18330/vlc1/18330_00_02.jpg?fit=crop&h=206&w=206",
                    "display_name": "Fetge de bacallà fumat Hacendado",
                    "bunch_selector": false,
                    "price_instructions": {
                        "iva": 10,
                        "is_new": false,
                        "is_pack": false,
                        "pack_size": null,
                        "unit_name": null,
                        "unit_size": 0.12,
                        "bulk_price": "12.50",
                        "unit_price": "1.50",
                        "approx_size": false,
                        "size_format": "kg",
                        "total_units": null,
                        "unit_selector": true,
                        "bunch_selector": false,
                        "drained_weight": null,
                        "price_decreased": false,
                        "reference_price": "12.50",
                        "min_bunch_amount": 1.0,
                        "reference_format": "kg",
                        "increment_bunch_amount": 1.0
                    }
                },
                {
                    "id": "18569",
                    "limit": 1000,
                    "badges": {
                        "is_water": false,
                        "requires_age_check": false
                    },
                    "packaging": "Llauna",
                    "thumbnail": "https://prod-mercadona.imgix.net/20190521/69/18569/vlc1/18569_00_02.jpg?fit=crop&h=206&w=206",
                    "display_name": "Carn de cranc al natural Chatka",
                    "bunch_selector": false,
                    "price_instructions": {
                        "iva": 10,
                        "is_new": false,
                        "is_pack": false,
                        "pack_size": null,
                        "unit_name": null,
                        "unit_size": 0.11,
                        "bulk_price": "50.00",
                        "unit_price": "5.50",
                        "approx_size": false,
                        "size_format": "kg",
                        "total_units": null,
                        "unit_selector": true,
                        "bunch_selector": false,
                        "drained_weight": 0.065,
                        "price_decreased": false,
                        "reference_price": "84.62",
                        "min_bunch_amount": 1.0,
                        "reference_format": "kg",
                        "increment_bunch_amount": 1.0
                    }
                },
                {
                    "id": "18841",
                    "limit": 1000,
                    "badges": {
                        "is_water": false,
                        "requires_age_check": false
                    },
                    "packaging": "Terrina",
                    "thumbnail": "https://prod-mercadona.imgix.net/20190521/41/18841/vlc1/18841_00_01.jpg?fit=crop&h=206&w=206",
                    "display_name": "Ous de bacallà Hacendado",
                    "bunch_selector": false,
                    "price_instructions": {
                        "iva": 10,
                        "is_new": false,
                        "is_pack": false,
                        "pack_size": null,
                        "unit_name": null,
                        "unit_size": 0.2,
                        "bulk_price": "7.75",
                        "unit_price": "1.55",
                        "approx_size": false,
                        "size_format": "kg",
                        "total_units": null,
                        "unit_selector": true,
                        "bunch_selector": false,
                        "drained_weight": null,
                        "price_decreased": false,
                        "reference_price": "7.75",
                        "min_bunch_amount": 1.0,
                        "reference_format": "kg",
                        "increment_bunch_amount": 1.0
                    }
                },
                {
                    "id": "18086",
                    "limit": 1000,
                    "badges": {
                        "is_water": false,
                        "requires_age_check": false
                    },
                    "packaging": "Llauna",
                    "thumbnail": "https://prod-mercadona.imgix.net/20190521/86/18086/vlc1/18086_00_02.jpg?fit=crop&h=206&w=206",
                    "display_name": "Tonyina en oli de gira-sol Hacendado",
                    "bunch_selector": false,
                    "price_instructions": {
                        "iva": 10,
                        "is_new": false,
                        "is_pack": false,
                        "pack_size": null,
                        "unit_name": null,
                        "unit_size": 0.9,
                        "bulk_price": "5.94",
                        "unit_price": "5.35",
                        "approx_size": false,
                        "size_format": "kg",
                        "total_units": null,
                        "unit_selector": true,
                        "bunch_selector": false,
                        "drained_weight": 0.65,
                        "price_decreased": false,
                        "reference_price": "8.23",
                        "min_bunch_amount": 1.0,
                        "reference_format": "kg",
                        "increment_bunch_amount": 1.0
                    }
                },
                {
                    "id": "18107",
                    "limit": 1000,
                    "badges": {
                        "is_water": false,
                        "requires_age_check": false
                    },
                    "packaging": "Llauna",
                    "thumbnail": "https://prod-mercadona.imgix.net/20190521/07/18107/vlc1/18107_00_02.jpg?fit=crop&h=206&w=206",
                    "display_name": "Filets de melva en oli d'oliva Hacendado",
                    "bunch_selector": false,
                    "price_instructions": {
                        "iva": 10,
                        "is_new": false,
                        "is_pack": false,
                        "pack_size": null,
                        "unit_name": null,
                        "unit_size": 0.12,
                        "bulk_price": "14.17",
                        "unit_price": "1.70",
                        "approx_size": false,
                        "size_format": "kg",
                        "total_units": null,
                        "unit_selector": true,
                        "bunch_selector": false,
                        "drained_weight": 0.08,
                        "price_decreased": false,
                        "reference_price": "21.25",
                        "min_bunch_amount": 1.0,
                        "reference_format": "kg",
                        "increment_bunch_amount": 1.0
                    }
                },
                {
                    "id": "18110",
                    "limit": 1000,
                    "badges": {
                        "is_water": false,
                        "requires_age_check": false
                    },
                    "packaging": "Paquet-2",
                    "thumbnail": "https://prod-mercadona.imgix.net/20190521/10/18110/vlc1/18110_00_02.jpg?fit=crop&h=206&w=206",
                    "display_name": "Filets de melva en oli de gira-sol Hacendado",
                    "bunch_selector": false,
                    "price_instructions": {
                        "iva": 10,
                        "is_new": false,
                        "is_pack": true,
                        "pack_size": 0.065,
                        "unit_name": "llaunes",
                        "unit_size": 0.18,
                        "bulk_price": "13.11",
                        "unit_price": "2.36",
                        "approx_size": false,
                        "size_format": "kg",
                        "total_units": 2,
                        "unit_selector": true,
                        "bunch_selector": false,
                        "drained_weight": 0.13,
                        "price_decreased": false,
                        "reference_price": "18.15",
                        "min_bunch_amount": 1.0,
                        "reference_format": "kg",
                        "increment_bunch_amount": 1.0
                    }
                },
                {
                    "id": "18114",
                    "limit": 1000,
                    "badges": {
                        "is_water": false,
                        "requires_age_check": false
                    },
                    "packaging": "Llauna",
                    "thumbnail": "https://prod-mercadona.imgix.net/20190521/14/18114/vlc1/18114_00_07.jpg?fit=crop&h=206&w=206",
                    "display_name": "Filets de melva canutera amb pebrots del piquillo Marinara en oli d'oliva",
                    "bunch_selector": false,
                    "price_instructions": {
                        "iva": 10,
                        "is_new": false,
                        "is_pack": false,
                        "pack_size": null,
                        "unit_name": null,
                        "unit_size": 0.09,
                        "bulk_price": "18.00",
                        "unit_price": "1.62",
                        "approx_size": false,
                        "size_format": "kg",
                        "total_units": null,
                        "unit_selector": true,
                        "bunch_selector": false,
                        "drained_weight": 0.065,
                        "price_decreased": false,
                        "reference_price": "24.92",
                        "min_bunch_amount": 1.0,
                        "reference_format": "kg",
                        "increment_bunch_amount": 1.0
                    }
                },
                {
                    "id": "18309",
                    "limit": 1000,
                    "badges": {
                        "is_water": false,
                        "requires_age_check": false
                    },
                    "packaging": "Paquet-2",
                    "thumbnail": "https://prod-mercadona.imgix.net/20190521/09/18309/vlc1/18309_00_02.jpg?fit=crop&h=206&w=206",
                    "display_name": "Filets de verat del sud en oli de gira-sol Hacendado",
                    "bunch_selector": false,
                    "price_instructions": {
                        "iva": 10,
                        "is_new": false,
                        "is_pack": true,
                        "pack_size": 0.065,
                        "unit_name": "llaunes",
                        "unit_size": 0.18,
                        "bulk_price": "7.72",
                        "unit_price": "1.39",
                        "approx_size": false,
                        "size_format": "kg",
                        "total_units": 2,
                        "unit_selector": true,
                        "bunch_selector": false,
                        "drained_weight": 0.13,
                        "price_decreased": false,
                        "reference_price": "10.69",
                        "min_bunch_amount": 1.0,
                        "reference_format": "kg",
                        "increment_bunch_amount": 1.0
                    }
                },
                {
                    "id": "18310",
                    "limit": 1000,
                    "badges": {
                        "is_water": false,
                        "requires_age_check": false
                    },
                    "packaging": "Paquet-2",
                    "thumbnail": "https://prod-mercadona.imgix.net/20190521/10/18310/vlc1/18310_00_02.jpg?fit=crop&h=206&w=206",
                    "display_name": "Filets de verat del sud en oli d'oliva Hacendado",
                    "bunch_selector": false,
                    "price_instructions": {
                        "iva": 10,
                        "is_new": false,
                        "is_pack": true,
                        "pack_size": 0.065,
                        "unit_name": "llaunes",
                        "unit_size": 0.18,
                        "bulk_price": "8.89",
                        "unit_price": "1.60",
                        "approx_size": false,
                        "size_format": "kg",
                        "total_units": 2,
                        "unit_selector": true,
                        "bunch_selector": false,
                        "drained_weight": 0.13,
                        "price_decreased": false,
                        "reference_price": "12.31",
                        "min_bunch_amount": 1.0,
                        "reference_format": "kg",
                        "increment_bunch_amount": 1.0
                    }
                },
                {
                    "id": "18311",
                    "limit": 1000,
                    "badges": {
                        "is_water": false,
                        "requires_age_check": false
                    },
                    "packaging": "Paquet-2",
                    "thumbnail": "https://prod-mercadona.imgix.net/20190521/11/18311/vlc1/18311_00_02.jpg?fit=crop&h=206&w=206",
                    "display_name": "Filets de verat del sud baix contingut en sal Hacendado en oli d'oliva",
                    "bunch_selector": false,
                    "price_instructions": {
                        "iva": 10,
                        "is_new": false,
                        "is_pack": true,
                        "pack_size": 0.065,
                        "unit_name": "llaunes",
                        "unit_size": 0.18,
                        "bulk_price": "10.56",
                        "unit_price": "1.90",
                        "approx_size": false,
                        "size_format": "kg",
                        "total_units": 2,
                        "unit_selector": true,
                        "bunch_selector": false,
                        "drained_weight": 0.13,
                        "price_decreased": false,
                        "reference_price": "14.62",
                        "min_bunch_amount": 1.0,
                        "reference_format": "kg",
                        "increment_bunch_amount": 1.0
                    }
                },
                {
                    "id": "18312",
                    "limit": 1000,
                    "badges": {
                        "is_water": false,
                        "requires_age_check": false
                    },
                    "packaging": "Paquet-2",
                    "thumbnail": "https://prod-mercadona.imgix.net/20190521/12/18312/vlc1/18312_00_02.jpg?fit=crop&h=206&w=206",
                    "display_name": "Filets de verat del sud en escabetx Hacendado",
                    "bunch_selector": false,
                    "price_instructions": {
                        "iva": 10,
                        "is_new": false,
                        "is_pack": true,
                        "pack_size": 0.065,
                        "unit_name": "llaunes",
                        "unit_size": 0.18,
                        "bulk_price": "8.78",
                        "unit_price": "1.58",
                        "approx_size": false,
                        "size_format": "kg",
                        "total_units": 2,
                        "unit_selector": true,
                        "bunch_selector": false,
                        "drained_weight": 0.13,
                        "price_decreased": false,
                        "reference_price": "12.15",
                        "min_bunch_amount": 1.0,
                        "reference_format": "kg",
                        "increment_bunch_amount": 1.0
                    }
                },
                {
                    "id": "18313",
                    "limit": 1000,
                    "badges": {
                        "is_water": false,
                        "requires_age_check": false
                    },
                    "packaging": "Paquet-2",
                    "thumbnail": "https://prod-mercadona.imgix.net/20190521/13/18313/vlc1/18313_00_02.jpg?fit=crop&h=206&w=206",
                    "display_name": "Filets de verat del sud amb tomàquet Hacendado",
                    "bunch_selector": false,
                    "price_instructions": {
                        "iva": 10,
                        "is_new": false,
                        "is_pack": true,
                        "pack_size": 0.065,
                        "unit_name": "llaunes",
                        "unit_size": 0.18,
                        "bulk_price": "7.78",
                        "unit_price": "1.40",
                        "approx_size": false,
                        "size_format": "kg",
                        "total_units": 2,
                        "unit_selector": true,
                        "bunch_selector": false,
                        "drained_weight": 0.13,
                        "price_decreased": false,
                        "reference_price": "10.77",
                        "min_bunch_amount": 1.0,
                        "reference_format": "kg",
                        "increment_bunch_amount": 1.0
                    }
                },
                {
                    "id": "18206",
                    "limit": 1000,
                    "badges": {
                        "is_water": false,
                        "requires_age_check": false
                    },
                    "packaging": "Paquet-2",
                    "thumbnail": "https://prod-mercadona.imgix.net/20190521/06/18206/vlc1/18206_00_07.jpg?fit=crop&h=206&w=206",
                    "display_name": "Sardinetes amb llimona Hacendado en oli de gira-sol",
                    "bunch_selector": false,
                    "price_instructions": {
                        "iva": 10,
                        "is_new": false,
                        "is_pack": true,
                        "pack_size": 0.065,
                        "unit_name": "llaunes",
                        "unit_size": 0.18,
                        "bulk_price": "6.72",
                        "unit_price": "1.21",
                        "approx_size": false,
                        "size_format": "kg",
                        "total_units": 2,
                        "unit_selector": true,
                        "bunch_selector": false,
                        "drained_weight": 0.13,
                        "price_decreased": false,
                        "reference_price": "9.31",
                        "min_bunch_amount": 1.0,
                        "reference_format": "kg",
                        "increment_bunch_amount": 1.0
                    }
                },
                {
                    "id": "18211",
                    "limit": 1000,
                    "badges": {
                        "is_water": false,
                        "requires_age_check": false
                    },
                    "packaging": "Paquet-2",
                    "thumbnail": "https://prod-mercadona.imgix.net/20190521/11/18211/vlc1/18211_00_02.jpg?fit=crop&h=206&w=206",
                    "display_name": "Sardinetes en escabetx Hacendado",
                    "bunch_selector": false,
                    "price_instructions": {
                        "iva": 10,
                        "is_new": false,
                        "is_pack": true,
                        "pack_size": 0.065,
                        "unit_name": "llaunes",
                        "unit_size": 0.18,
                        "bulk_price": "7.06",
                        "unit_price": "1.27",
                        "approx_size": false,
                        "size_format": "kg",
                        "total_units": 2,
                        "unit_selector": true,
                        "bunch_selector": false,
                        "drained_weight": 0.13,
                        "price_decreased": false,
                        "reference_price": "9.77",
                        "min_bunch_amount": 1.0,
                        "reference_format": "kg",
                        "increment_bunch_amount": 1.0
                    }
                },
                {
                    "id": "18212",
                    "limit": 1000,
                    "badges": {
                        "is_water": false,
                        "requires_age_check": false
                    },
                    "packaging": "Paquet-2",
                    "thumbnail": "https://prod-mercadona.imgix.net/20190521/12/18212/vlc1/18212_00_02.jpg?fit=crop&h=206&w=206",
                    "display_name": "Sardinetes picants Hacendado en oli de gira-sol",
                    "bunch_selector": false,
                    "price_instructions": {
                        "iva": 10,
                        "is_new": false,
                        "is_pack": true,
                        "pack_size": 0.065,
                        "unit_name": "llaunes",
                        "unit_size": 0.18,
                        "bulk_price": "6.89",
                        "unit_price": "1.24",
                        "approx_size": false,
                        "size_format": "kg",
                        "total_units": 2,
                        "unit_selector": true,
                        "bunch_selector": false,
                        "drained_weight": 0.13,
                        "price_decreased": false,
                        "reference_price": "9.54",
                        "min_bunch_amount": 1.0,
                        "reference_format": "kg",
                        "increment_bunch_amount": 1.0
                    }
                },
                {
                    "id": "18223",
                    "limit": 1000,
                    "badges": {
                        "is_water": false,
                        "requires_age_check": false
                    },
                    "packaging": "Llauna",
                    "thumbnail": "https://prod-mercadona.imgix.net/20190521/23/18223/vlc1/18223_00_02.jpg?fit=crop&h=206&w=206",
                    "display_name": "Sardinetes picants Hacendado",
                    "bunch_selector": false,
                    "price_instructions": {
                        "iva": 10,
                        "is_new": false,
                        "is_pack": false,
                        "pack_size": null,
                        "unit_name": null,
                        "unit_size": 0.085,
                        "bulk_price": "11.76",
                        "unit_price": "1.00",
                        "approx_size": false,
                        "size_format": "kg",
                        "total_units": null,
                        "unit_selector": true,
                        "bunch_selector": false,
                        "drained_weight": 0.062,
                        "price_decreased": false,
                        "reference_price": "16.13",
                        "min_bunch_amount": 1.0,
                        "reference_format": "kg",
                        "increment_bunch_amount": 1.0
                    }
                },
                {
                    "id": "18713",
                    "limit": 1000,
                    "badges": {
                        "is_water": false,
                        "requires_age_check": false
                    },
                    "packaging": "Paquet-3",
                    "thumbnail": "https://prod-mercadona.imgix.net/20190521/13/18713/vlc1/18713_00_02.jpg?fit=crop&h=206&w=206",
                    "display_name": "Calamar amb salsa americana Hacendado",
                    "bunch_selector": false,
                    "price_instructions": {
                        "iva": 10,
                        "is_new": false,
                        "is_pack": true,
                        "pack_size": 0.059,
                        "unit_name": "llaunes",
                        "unit_size": 0.24,
                        "bulk_price": "7.04",
                        "unit_price": "1.69",
                        "approx_size": false,
                        "size_format": "kg",
                        "total_units": 3,
                        "unit_selector": true,
                        "bunch_selector": false,
                        "drained_weight": 0.177,
                        "price_decreased": false,
                        "reference_price": "9.55",
                        "min_bunch_amount": 1.0,
                        "reference_format": "kg",
                        "increment_bunch_amount": 1.0
                    }
                },
                {
                    "id": "18714",
                    "limit": 1000,
                    "badges": {
                        "is_water": false,
                        "requires_age_check": false
                    },
                    "packaging": "Paquet-3",
                    "thumbnail": "https://prod-mercadona.imgix.net/20190521/14/18714/vlc1/18714_00_02.jpg?fit=crop&h=206&w=206",
                    "display_name": "Calamar amb tinta Hacendado",
                    "bunch_selector": false,
                    "price_instructions": {
                        "iva": 10,
                        "is_new": false,
                        "is_pack": true,
                        "pack_size": 0.059,
                        "unit_name": "llaunes",
                        "unit_size": 0.24,
                        "bulk_price": "7.04",
                        "unit_price": "1.69",
                        "approx_size": false,
                        "size_format": "kg",
                        "total_units": 3,
                        "unit_selector": true,
                        "bunch_selector": false,
                        "drained_weight": 0.177,
                        "price_decreased": false,
                        "reference_price": "9.55",
                        "min_bunch_amount": 1.0,
                        "reference_format": "kg",
                        "increment_bunch_amount": 1.0
                    }
                },
                {
                    "id": "18729",
                    "limit": 1000,
                    "badges": {
                        "is_water": false,
                        "requires_age_check": false
                    },
                    "packaging": "Paquet-3",
                    "thumbnail": "https://prod-mercadona.imgix.net/20190521/29/18729/vlc1/18729_00_02.jpg?fit=crop&h=206&w=206",
                    "display_name": "Daus  de pota amb allada Hacendado",
                    "bunch_selector": false,
                    "price_instructions": {
                        "iva": 10,
                        "is_new": false,
                        "is_pack": true,
                        "pack_size": 0.054,
                        "unit_name": "llaunes",
                        "unit_size": 0.24,
                        "bulk_price": "9.58",
                        "unit_price": "2.30",
                        "approx_size": false,
                        "size_format": "kg",
                        "total_units": 3,
                        "unit_selector": true,
                        "bunch_selector": false,
                        "drained_weight": 0.162,
                        "price_decreased": false,
                        "reference_price": "14.20",
                        "min_bunch_amount": 1.0,
                        "reference_format": "kg",
                        "increment_bunch_amount": 1.0
                    }
                },
                {
                    "id": "18071",
                    "limit": 1000,
                    "badges": {
                        "is_water": false,
                        "requires_age_check": false
                    },
                    "packaging": "Llauna",
                    "thumbnail": "https://prod-mercadona.imgix.net/20190521/71/18071/vlc1/18071_00_02.jpg?fit=crop&h=206&w=206",
                    "display_name": "Tonyina clara en oli d'oliva Hacendado",
                    "bunch_selector": false,
                    "price_instructions": {
                        "iva": 10,
                        "is_new": false,
                        "is_pack": false,
                        "pack_size": null,
                        "unit_name": null,
                        "unit_size": 0.111,
                        "bulk_price": "11.80",
                        "unit_price": "1.31",
                        "approx_size": false,
                        "size_format": "kg",
                        "total_units": null,
                        "unit_selector": true,
                        "bunch_selector": false,
                        "drained_weight": 0.082,
                        "price_decreased": false,
                        "reference_price": "15.98",
                        "min_bunch_amount": 1.0,
                        "reference_format": "kg",
                        "increment_bunch_amount": 1.0
                    }
                },
                {
                    "id": "18054",
                    "limit": 1000,
                    "badges": {
                        "is_water": false,
                        "requires_age_check": false
                    },
                    "packaging": "Pot",
                    "thumbnail": "https://prod-mercadona.imgix.net/20190521/54/18054/vlc1/18054_00_02.jpg?fit=crop&h=206&w=206",
                    "display_name": "Tonyina clara en oli d'oliva Hacendado",
                    "bunch_selector": false,
                    "price_instructions": {
                        "iva": 10,
                        "is_new": false,
                        "is_pack": false,
                        "pack_size": null,
                        "unit_name": null,
                        "unit_size": 0.195,
                        "bulk_price": "17.18",
                        "unit_price": "3.35",
                        "approx_size": false,
                        "size_format": "kg",
                        "total_units": null,
                        "unit_selector": true,
                        "bunch_selector": false,
                        "drained_weight": 0.14,
                        "price_decreased": false,
                        "reference_price": "23.93",
                        "min_bunch_amount": 1.0,
                        "reference_format": "kg",
                        "increment_bunch_amount": 1.0
                    }
                },
                {
                    "id": "18104",
                    "limit": 1000,
                    "badges": {
                        "is_water": false,
                        "requires_age_check": false
                    },
                    "packaging": "Paquet-3",
                    "thumbnail": "https://prod-mercadona.imgix.net/20190521/04/18104/vlc1/18104_00_02.jpg?fit=crop&h=206&w=206",
                    "display_name": "Trossos de tonyina del nord Hacendado en oli d'oliva",
                    "bunch_selector": false,
                    "price_instructions": {
                        "iva": 10,
                        "is_new": false,
                        "is_pack": true,
                        "pack_size": 0.052,
                        "unit_name": "llaunes",
                        "unit_size": 0.24,
                        "bulk_price": "8.12",
                        "unit_price": "1.95",
                        "approx_size": false,
                        "size_format": "kg",
                        "total_units": 3,
                        "unit_selector": true,
                        "bunch_selector": false,
                        "drained_weight": 0.156,
                        "price_decreased": false,
                        "reference_price": "12.50",
                        "min_bunch_amount": 1.0,
                        "reference_format": "kg",
                        "increment_bunch_amount": 1.0
                    }
                },
                {
                    "id": "18116",
                    "limit": 1000,
                    "badges": {
                        "is_water": false,
                        "requires_age_check": false
                    },
                    "packaging": "Paquet-2",
                    "thumbnail": "https://prod-mercadona.imgix.net/20190521/16/18116/vlc1/18116_00_02.jpg?fit=crop&h=206&w=206",
                    "display_name": "Tonyina del nord en oli d'oliva Hacendado",
                    "bunch_selector": false,
                    "price_instructions": {
                        "iva": 10,
                        "is_new": false,
                        "is_pack": true,
                        "pack_size": 0.073,
                        "unit_name": "llaunes",
                        "unit_size": 0.222,
                        "bulk_price": "10.27",
                        "unit_price": "2.28",
                        "approx_size": false,
                        "size_format": "kg",
                        "total_units": 2,
                        "unit_selector": true,
                        "bunch_selector": false,
                        "drained_weight": 0.146,
                        "price_decreased": false,
                        "reference_price": "15.62",
                        "min_bunch_amount": 1.0,
                        "reference_format": "kg",
                        "increment_bunch_amount": 1.0
                    }
                },
                {
                    "id": "18105",
                    "limit": 1000,
                    "badges": {
                        "is_water": false,
                        "requires_age_check": false
                    },
                    "packaging": "Llauna",
                    "thumbnail": "https://prod-mercadona.imgix.net/20190521/05/18105/vlc1/18105_00_02.jpg?fit=crop&h=206&w=206",
                    "display_name": "Tonyina del nord en oli d'oliva Albo",
                    "bunch_selector": false,
                    "price_instructions": {
                        "iva": 10,
                        "is_new": false,
                        "is_pack": false,
                        "pack_size": null,
                        "unit_name": null,
                        "unit_size": 0.112,
                        "bulk_price": "26.61",
                        "unit_price": "2.98",
                        "approx_size": false,
                        "size_format": "kg",
                        "total_units": null,
                        "unit_selector": true,
                        "bunch_selector": false,
                        "drained_weight": 0.082,
                        "price_decreased": false,
                        "reference_price": "36.34",
                        "min_bunch_amount": 1.0,
                        "reference_format": "kg",
                        "increment_bunch_amount": 1.0
                    }
                },
                {
                    "id": "18102",
                    "limit": 1000,
                    "badges": {
                        "is_water": false,
                        "requires_age_check": false
                    },
                    "packaging": "Pot",
                    "thumbnail": "https://prod-mercadona.imgix.net/20190521/02/18102/vlc1/18102_00_02.jpg?fit=crop&h=206&w=206",
                    "display_name": "Filets de tonyina del nord en oli d'oliva Hacendado",
                    "bunch_selector": false,
                    "price_instructions": {
                        "iva": 10,
                        "is_new": false,
                        "is_pack": false,
                        "pack_size": null,
                        "unit_name": null,
                        "unit_size": 0.4,
                        "bulk_price": "13.72",
                        "unit_price": "5.49",
                        "approx_size": false,
                        "size_format": "kg",
                        "total_units": null,
                        "unit_selector": true,
                        "bunch_selector": false,
                        "drained_weight": 0.28,
                        "price_decreased": false,
                        "reference_price": "19.61",
                        "min_bunch_amount": 1.0,
                        "reference_format": "kg",
                        "increment_bunch_amount": 1.0
                    }
                },
                {
                    "id": "18108",
                    "limit": 1000,
                    "badges": {
                        "is_water": false,
                        "requires_age_check": false
                    },
                    "packaging": "Llauna",
                    "thumbnail": "https://prod-mercadona.imgix.net/20190521/08/18108/vlc1/18108_00_02.jpg?fit=crop&h=206&w=206",
                    "display_name": "Tonyina del nord en escabetx Hacendado",
                    "bunch_selector": false,
                    "price_instructions": {
                        "iva": 10,
                        "is_new": false,
                        "is_pack": false,
                        "pack_size": null,
                        "unit_name": null,
                        "unit_size": 0.19,
                        "bulk_price": "15.79",
                        "unit_price": "3.00",
                        "approx_size": false,
                        "size_format": "kg",
                        "total_units": null,
                        "unit_selector": true,
                        "bunch_selector": false,
                        "drained_weight": 0.14,
                        "price_decreased": false,
                        "reference_price": "21.43",
                        "min_bunch_amount": 1.0,
                        "reference_format": "kg",
                        "increment_bunch_amount": 1.0
                    }
                },
                {
                    "id": "18111",
                    "limit": 1000,
                    "badges": {
                        "is_water": false,
                        "requires_age_check": false
                    },
                    "packaging": "Llauna",
                    "thumbnail": "https://prod-mercadona.imgix.net/20190521/11/18111/vlc1/18111_00_02.jpg?fit=crop&h=206&w=206",
                    "display_name": "Tonyina del nord en escabetx Hacendado",
                    "bunch_selector": false,
                    "price_instructions": {
                        "iva": 10,
                        "is_new": false,
                        "is_pack": false,
                        "pack_size": null,
                        "unit_name": null,
                        "unit_size": 1.0,
                        "bulk_price": "11.00",
                        "unit_price": "11.00",
                        "approx_size": false,
                        "size_format": "kg",
                        "total_units": null,
                        "unit_selector": true,
                        "bunch_selector": false,
                        "drained_weight": 0.725,
                        "price_decreased": false,
                        "reference_price": "15.17",
                        "min_bunch_amount": 1.0,
                        "reference_format": "kg",
                        "increment_bunch_amount": 1.0
                    }
                },
                {
                    "id": "18092",
                    "limit": 1000,
                    "badges": {
                        "is_water": false,
                        "requires_age_check": false
                    },
                    "packaging": "Paquet-3",
                    "thumbnail": "https://prod-mercadona.imgix.net/20190521/92/18092/vlc1/18092_00_02.jpg?fit=crop&h=206&w=206",
                    "display_name": "Tonyina clara en oli de gira-sol Hacendado",
                    "bunch_selector": false,
                    "price_instructions": {
                        "iva": 10,
                        "is_new": false,
                        "is_pack": true,
                        "pack_size": 0.056,
                        "unit_name": "llaunes",
                        "unit_size": 0.24,
                        "bulk_price": "7.46",
                        "unit_price": "1.79",
                        "approx_size": false,
                        "size_format": "kg",
                        "total_units": 3,
                        "unit_selector": true,
                        "bunch_selector": false,
                        "drained_weight": 0.168,
                        "price_decreased": false,
                        "reference_price": "10.66",
                        "min_bunch_amount": 1.0,
                        "reference_format": "kg",
                        "increment_bunch_amount": 1.0
                    }
                },
                {
                    "id": "18015",
                    "limit": 1000,
                    "badges": {
                        "is_water": false,
                        "requires_age_check": false
                    },
                    "packaging": "Llauna",
                    "thumbnail": "https://prod-mercadona.imgix.net/20190521/15/18015/vlc1/18015_00_02.jpg?fit=crop&h=206&w=206",
                    "display_name": "Tonyina clara en oli de gira-sol Hacendado",
                    "bunch_selector": false,
                    "price_instructions": {
                        "iva": 10,
                        "is_new": false,
                        "is_pack": false,
                        "pack_size": null,
                        "unit_name": null,
                        "unit_size": 0.19,
                        "bulk_price": "9.16",
                        "unit_price": "1.74",
                        "approx_size": false,
                        "size_format": "kg",
                        "total_units": null,
                        "unit_selector": true,
                        "bunch_selector": false,
                        "drained_weight": 0.143,
                        "price_decreased": false,
                        "reference_price": "12.17",
                        "min_bunch_amount": 1.0,
                        "reference_format": "kg",
                        "increment_bunch_amount": 1.0
                    }
                },
                {
                    "id": "18817",
                    "limit": 1000,
                    "badges": {
                        "is_water": false,
                        "requires_age_check": false
                    },
                    "packaging": "Paquet-3",
                    "thumbnail": "https://prod-mercadona.imgix.net/20190521/17/18817/vlc1/18817_00_07.jpg?fit=crop&h=206&w=206",
                    "display_name": "Salmó al natural Hacendado",
                    "bunch_selector": false,
                    "price_instructions": {
                        "iva": 10,
                        "is_new": false,
                        "is_pack": true,
                        "pack_size": 0.05,
                        "unit_name": "llaunes",
                        "unit_size": 0.24,
                        "bulk_price": "11.04",
                        "unit_price": "2.65",
                        "approx_size": false,
                        "size_format": "kg",
                        "total_units": 3,
                        "unit_selector": true,
                        "bunch_selector": false,
                        "drained_weight": 0.15,
                        "price_decreased": false,
                        "reference_price": "17.67",
                        "min_bunch_amount": 1.0,
                        "reference_format": "kg",
                        "increment_bunch_amount": 1.0
                    }
                },
                {
                    "id": "18307",
                    "limit": 1000,
                    "badges": {
                        "is_water": false,
                        "requires_age_check": false
                    },
                    "packaging": "Llauna",
                    "thumbnail": "https://prod-mercadona.imgix.net/20190521/07/18307/vlc1/18307_00_02.jpg?fit=crop&h=206&w=206",
                    "display_name": "Agulles en oli d'oliva Hacendado",
                    "bunch_selector": false,
                    "price_instructions": {
                        "iva": 10,
                        "is_new": false,
                        "is_pack": false,
                        "pack_size": null,
                        "unit_name": null,
                        "unit_size": 0.12,
                        "bulk_price": "10.42",
                        "unit_price": "1.25",
                        "approx_size": false,
                        "size_format": "kg",
                        "total_units": null,
                        "unit_selector": true,
                        "bunch_selector": false,
                        "drained_weight": 0.08,
                        "price_decreased": false,
                        "reference_price": "15.62",
                        "min_bunch_amount": 1.0,
                        "reference_format": "kg",
                        "increment_bunch_amount": 1.0
                    }
                },
                {
                    "id": "18727",
                    "limit": 1000,
                    "badges": {
                        "is_water": false,
                        "requires_age_check": false
                    },
                    "packaging": "Llauna",
                    "thumbnail": "https://prod-mercadona.imgix.net/20190521/27/18727/vlc1/18727_00_02.jpg?fit=crop&h=206&w=206",
                    "display_name": "Calamarsons farcits sencers Hacendado en oli de gira-sol",
                    "bunch_selector": false,
                    "price_instructions": {
                        "iva": 10,
                        "is_new": false,
                        "is_pack": false,
                        "pack_size": null,
                        "unit_name": null,
                        "unit_size": 0.115,
                        "bulk_price": "16.96",
                        "unit_price": "1.95",
                        "approx_size": false,
                        "size_format": "kg",
                        "total_units": null,
                        "unit_selector": true,
                        "bunch_selector": false,
                        "drained_weight": 0.072,
                        "price_decreased": false,
                        "reference_price": "27.08",
                        "min_bunch_amount": 1.0,
                        "reference_format": "kg",
                        "increment_bunch_amount": 1.0
                    }
                },
                {
                    "id": "18018",
                    "limit": 1000,
                    "badges": {
                        "is_water": false,
                        "requires_age_check": false
                    },
                    "packaging": null,
                    "thumbnail": "https://prod-mercadona.imgix.net/20190521/18/18018/vlc1/18018_00_02.jpg?fit=crop&h=206&w=206",
                    "display_name": "Tonyina clara al natural Hacendado",
                    "bunch_selector": false,
                    "price_instructions": {
                        "iva": 10,
                        "is_new": false,
                        "is_pack": true,
                        "pack_size": 0.06,
                        "unit_name": "llaunes",
                        "unit_size": 0.48,
                        "bulk_price": "7.29",
                        "unit_price": "3.50",
                        "approx_size": false,
                        "size_format": "kg",
                        "total_units": 6,
                        "unit_selector": true,
                        "bunch_selector": false,
                        "drained_weight": 0.36,
                        "price_decreased": false,
                        "reference_price": "9.72",
                        "min_bunch_amount": 1.0,
                        "reference_format": "kg",
                        "increment_bunch_amount": 1.0
                    }
                },
                {
                    "id": "18027",
                    "limit": 1000,
                    "badges": {
                        "is_water": false,
                        "requires_age_check": false
                    },
                    "packaging": "Paquet-3",
                    "thumbnail": "https://prod-mercadona.imgix.net/20190521/27/18027/vlc1/18027_00_02.jpg?fit=crop&h=206&w=206",
                    "display_name": "Tonyina clara en oli d'oliva Hacendado",
                    "bunch_selector": false,
                    "price_instructions": {
                        "iva": 10,
                        "is_new": false,
                        "is_pack": true,
                        "pack_size": 0.06,
                        "unit_name": "llaunes",
                        "unit_size": 0.24,
                        "bulk_price": "8.96",
                        "unit_price": "2.15",
                        "approx_size": false,
                        "size_format": "kg",
                        "total_units": 3,
                        "unit_selector": true,
                        "bunch_selector": false,
                        "drained_weight": 0.18,
                        "price_decreased": false,
                        "reference_price": "11.94",
                        "min_bunch_amount": 1.0,
                        "reference_format": "kg",
                        "increment_bunch_amount": 1.0
                    }
                },
                {
                    "id": "18055",
                    "limit": 1000,
                    "badges": {
                        "is_water": false,
                        "requires_age_check": false
                    },
                    "packaging": "Paquet-6",
                    "thumbnail": "https://prod-mercadona.imgix.net/20190521/55/18055/vlc1/18055_00_02.jpg?fit=crop&h=206&w=206",
                    "display_name": "Tonyina clara en oli de gira-sol Hacendado",
                    "bunch_selector": false,
                    "price_instructions": {
                        "iva": 10,
                        "is_new": false,
                        "is_pack": true,
                        "pack_size": 0.056,
                        "unit_name": "llaunes",
                        "unit_size": 0.48,
                        "bulk_price": "7.29",
                        "unit_price": "3.50",
                        "approx_size": false,
                        "size_format": "kg",
                        "total_units": 6,
                        "unit_selector": true,
                        "bunch_selector": false,
                        "drained_weight": 0.336,
                        "price_decreased": false,
                        "reference_price": "10.42",
                        "min_bunch_amount": 1.0,
                        "reference_format": "kg",
                        "increment_bunch_amount": 1.0
                    }
                },
                {
                    "id": "18225",
                    "limit": 1000,
                    "badges": {
                        "is_water": false,
                        "requires_age_check": false
                    },
                    "packaging": "Paquet-2",
                    "thumbnail": "https://prod-mercadona.imgix.net/20190521/25/18225/vlc1/18225_00_02.jpg?fit=crop&h=206&w=206",
                    "display_name": "Sardines en oli d'oliva Hacendado",
                    "bunch_selector": false,
                    "price_instructions": {
                        "iva": 10,
                        "is_new": false,
                        "is_pack": true,
                        "pack_size": 0.082,
                        "unit_name": "llaunes",
                        "unit_size": 0.234,
                        "bulk_price": "5.56",
                        "unit_price": "1.30",
                        "approx_size": false,
                        "size_format": "kg",
                        "total_units": 2,
                        "unit_selector": true,
                        "bunch_selector": false,
                        "drained_weight": 0.164,
                        "price_decreased": false,
                        "reference_price": "7.93",
                        "min_bunch_amount": 1.0,
                        "reference_format": "kg",
                        "increment_bunch_amount": 1.0
                    }
                },
                {
                    "id": "18227",
                    "limit": 1000,
                    "badges": {
                        "is_water": false,
                        "requires_age_check": false
                    },
                    "packaging": "Paquet-2",
                    "thumbnail": "https://prod-mercadona.imgix.net/20190521/27/18227/vlc1/18227_00_02.jpg?fit=crop&h=206&w=206",
                    "display_name": "Sardines amb salsa de tomàquet Hacendado",
                    "bunch_selector": false,
                    "price_instructions": {
                        "iva": 10,
                        "is_new": false,
                        "is_pack": true,
                        "pack_size": 0.082,
                        "unit_name": "llaunes",
                        "unit_size": 0.25,
                        "bulk_price": "4.40",
                        "unit_price": "1.10",
                        "approx_size": false,
                        "size_format": "kg",
                        "total_units": 2,
                        "unit_selector": true,
                        "bunch_selector": false,
                        "drained_weight": 0.164,
                        "price_decreased": false,
                        "reference_price": "6.71",
                        "min_bunch_amount": 1.0,
                        "reference_format": "kg",
                        "increment_bunch_amount": 1.0
                    }
                },
                {
                    "id": "18224",
                    "limit": 1000,
                    "badges": {
                        "is_water": false,
                        "requires_age_check": false
                    },
                    "packaging": "Paquet-2",
                    "thumbnail": "https://prod-mercadona.imgix.net/20190521/24/18224/vlc1/18224_00_02.jpg?fit=crop&h=206&w=206",
                    "display_name": "Sardines en oli de gira-sol Hacendado",
                    "bunch_selector": false,
                    "price_instructions": {
                        "iva": 10,
                        "is_new": false,
                        "is_pack": true,
                        "pack_size": 0.082,
                        "unit_name": "llaunes",
                        "unit_size": 0.234,
                        "bulk_price": "4.70",
                        "unit_price": "1.10",
                        "approx_size": false,
                        "size_format": "kg",
                        "total_units": 2,
                        "unit_selector": true,
                        "bunch_selector": false,
                        "drained_weight": 0.164,
                        "price_decreased": false,
                        "reference_price": "6.71",
                        "min_bunch_amount": 1.0,
                        "reference_format": "kg",
                        "increment_bunch_amount": 1.0
                    }
                },
                {
                    "id": "18201",
                    "limit": 1000,
                    "badges": {
                        "is_water": false,
                        "requires_age_check": false
                    },
                    "packaging": "Llauna",
                    "thumbnail": "https://prod-mercadona.imgix.net/20190521/01/18201/vlc1/18201_00_02.jpg?fit=crop&h=206&w=206",
                    "display_name": "Sardines en oli de gira-sol Hacendado",
                    "bunch_selector": false,
                    "price_instructions": {
                        "iva": 10,
                        "is_new": false,
                        "is_pack": false,
                        "pack_size": null,
                        "unit_name": null,
                        "unit_size": 0.75,
                        "bulk_price": "4.44",
                        "unit_price": "3.33",
                        "approx_size": false,
                        "size_format": "kg",
                        "total_units": null,
                        "unit_selector": true,
                        "bunch_selector": false,
                        "drained_weight": 0.535,
                        "price_decreased": false,
                        "reference_price": "6.22",
                        "min_bunch_amount": 1.0,
                        "reference_format": "kg",
                        "increment_bunch_amount": 1.0
                    }
                },
                {
                    "id": "18226",
                    "limit": 1000,
                    "badges": {
                        "is_water": false,
                        "requires_age_check": false
                    },
                    "packaging": "Paquet-2",
                    "thumbnail": "https://prod-mercadona.imgix.net/20190521/26/18226/vlc1/18226_00_02.jpg?fit=crop&h=206&w=206",
                    "display_name": "Sardines amb salsa d'escabetx Hacendado",
                    "bunch_selector": false,
                    "price_instructions": {
                        "iva": 10,
                        "is_new": false,
                        "is_pack": true,
                        "pack_size": 0.082,
                        "unit_name": "llaunes",
                        "unit_size": 0.234,
                        "bulk_price": "5.13",
                        "unit_price": "1.20",
                        "approx_size": false,
                        "size_format": "kg",
                        "total_units": 2,
                        "unit_selector": true,
                        "bunch_selector": false,
                        "drained_weight": 0.164,
                        "price_decreased": false,
                        "reference_price": "7.32",
                        "min_bunch_amount": 1.0,
                        "reference_format": "kg",
                        "increment_bunch_amount": 1.0
                    }
                },
                {
                    "id": "18002",
                    "limit": 1000,
                    "badges": {
                        "is_water": false,
                        "requires_age_check": false
                    },
                    "packaging": "Paquet-6",
                    "thumbnail": "https://prod-mercadona.imgix.net/20190521/02/18002/vlc1/18002_00_02.jpg?fit=crop&h=206&w=206",
                    "display_name": "Tonyina clara en oli d'oliva Hacendado",
                    "bunch_selector": false,
                    "price_instructions": {
                        "iva": 10,
                        "is_new": false,
                        "is_pack": true,
                        "pack_size": 0.06,
                        "unit_name": "llaunes",
                        "unit_size": 0.48,
                        "bulk_price": "8.31",
                        "unit_price": "3.99",
                        "approx_size": false,
                        "size_format": "kg",
                        "total_units": 6,
                        "unit_selector": true,
                        "bunch_selector": false,
                        "drained_weight": 0.36,
                        "price_decreased": false,
                        "reference_price": "11.08",
                        "min_bunch_amount": 1.0,
                        "reference_format": "kg",
                        "increment_bunch_amount": 1.0
                    }
                },
                {
                    "id": "18030",
                    "limit": 1000,
                    "badges": {
                        "is_water": false,
                        "requires_age_check": false
                    },
                    "packaging": "Llauna",
                    "thumbnail": "https://prod-mercadona.imgix.net/20190521/30/18030/vlc1/18030_00_02.jpg?fit=crop&h=206&w=206",
                    "display_name": "Tonyina en oli d'oliva Hacendado",
                    "bunch_selector": false,
                    "price_instructions": {
                        "iva": 10,
                        "is_new": false,
                        "is_pack": false,
                        "pack_size": null,
                        "unit_name": null,
                        "unit_size": 0.9,
                        "bulk_price": "7.50",
                        "unit_price": "6.75",
                        "approx_size": false,
                        "size_format": "kg",
                        "total_units": null,
                        "unit_selector": true,
                        "bunch_selector": false,
                        "drained_weight": 0.65,
                        "price_decreased": false,
                        "reference_price": "10.38",
                        "min_bunch_amount": 1.0,
                        "reference_format": "kg",
                        "increment_bunch_amount": 1.0
                    }
                },
                {
                    "id": "18008",
                    "limit": 1000,
                    "badges": {
                        "is_water": false,
                        "requires_age_check": false
                    },
                    "packaging": "Paquet-3",
                    "thumbnail": "https://prod-mercadona.imgix.net/20190521/08/18008/vlc1/18008_00_07.jpg?fit=crop&h=206&w=206",
                    "display_name": "Tonyina clara baixa en sal Hacendado en oli d'oliva",
                    "bunch_selector": false,
                    "price_instructions": {
                        "iva": 10,
                        "is_new": false,
                        "is_pack": true,
                        "pack_size": 0.06,
                        "unit_name": "llaunes",
                        "unit_size": 0.24,
                        "bulk_price": "9.50",
                        "unit_price": "2.28",
                        "approx_size": false,
                        "size_format": "kg",
                        "total_units": 3,
                        "unit_selector": true,
                        "bunch_selector": false,
                        "drained_weight": 0.18,
                        "price_decreased": false,
                        "reference_price": "12.67",
                        "min_bunch_amount": 1.0,
                        "reference_format": "kg",
                        "increment_bunch_amount": 1.0
                    }
                },
                {
                    "id": "18037",
                    "limit": 1000,
                    "badges": {
                        "is_water": false,
                        "requires_age_check": false
                    },
                    "packaging": "Paquet-3",
                    "thumbnail": "https://prod-mercadona.imgix.net/20190521/37/18037/vlc1/18037_00_02.jpg?fit=crop&h=206&w=206",
                    "display_name": "Tonyina amb salsa de tomàquet Hacendado",
                    "bunch_selector": false,
                    "price_instructions": {
                        "iva": 10,
                        "is_new": false,
                        "is_pack": true,
                        "pack_size": 0.052,
                        "unit_name": "llaunes",
                        "unit_size": 0.24,
                        "bulk_price": "7.50",
                        "unit_price": "1.80",
                        "approx_size": false,
                        "size_format": "kg",
                        "total_units": 3,
                        "unit_selector": true,
                        "bunch_selector": false,
                        "drained_weight": 0.156,
                        "price_decreased": false,
                        "reference_price": "11.54",
                        "min_bunch_amount": 1.0,
                        "reference_format": "kg",
                        "increment_bunch_amount": 1.0
                    }
                }
            ],
            "is_extended": false
        },
        {
            "id": 123,
            "name": "Escopinyes i musclos",
            "layout": 1,
            "products": [
                {
                    "id": "18602",
                    "limit": 1000,
                    "badges": {
                        "is_water": false,
                        "requires_age_check": false
                    },
                    "packaging": "Llauna",
                    "thumbnail": "https://prod-mercadona.imgix.net/20190521/02/18602/vlc1/18602_00_02.jpg?fit=crop&h=206&w=206",
                    "display_name": "Musclos en escabetx Hacendado mitjans",
                    "bunch_selector": false,
                    "price_instructions": {
                        "iva": 10,
                        "is_new": false,
                        "is_pack": false,
                        "pack_size": null,
                        "unit_name": null,
                        "unit_size": 0.111,
                        "bulk_price": "13.51",
                        "unit_price": "1.50",
                        "approx_size": false,
                        "size_format": "kg",
                        "total_units": null,
                        "unit_selector": true,
                        "bunch_selector": false,
                        "drained_weight": 0.069,
                        "price_decreased": false,
                        "reference_price": "21.74",
                        "min_bunch_amount": 1.0,
                        "reference_format": "kg",
                        "increment_bunch_amount": 1.0
                    }
                },
                {
                    "id": "18609",
                    "limit": 1000,
                    "badges": {
                        "is_water": false,
                        "requires_age_check": false
                    },
                    "packaging": "Llauna",
                    "thumbnail": "https://prod-mercadona.imgix.net/20190521/09/18609/vlc1/18609_00_02.jpg?fit=crop&h=206&w=206",
                    "display_name": "Musclos en escabetx Hacendado petits",
                    "bunch_selector": false,
                    "price_instructions": {
                        "iva": 10,
                        "is_new": false,
                        "is_pack": false,
                        "pack_size": null,
                        "unit_name": null,
                        "unit_size": 0.111,
                        "bulk_price": "8.92",
                        "unit_price": "0.99",
                        "approx_size": false,
                        "size_format": "kg",
                        "total_units": null,
                        "unit_selector": true,
                        "bunch_selector": false,
                        "drained_weight": 0.069,
                        "price_decreased": false,
                        "reference_price": "14.35",
                        "min_bunch_amount": 1.0,
                        "reference_format": "kg",
                        "increment_bunch_amount": 1.0
                    }
                },
                {
                    "id": "18552",
                    "limit": 1000,
                    "badges": {
                        "is_water": false,
                        "requires_age_check": false
                    },
                    "packaging": "Llauna",
                    "thumbnail": "https://prod-mercadona.imgix.net/20190521/52/18552/vlc1/18552_00_02.jpg?fit=crop&h=206&w=206",
                    "display_name": "Petxinots de sang al natural Cono sur",
                    "bunch_selector": false,
                    "price_instructions": {
                        "iva": 10,
                        "is_new": false,
                        "is_pack": false,
                        "pack_size": null,
                        "unit_name": null,
                        "unit_size": 0.111,
                        "bulk_price": "9.46",
                        "unit_price": "1.05",
                        "approx_size": false,
                        "size_format": "kg",
                        "total_units": null,
                        "unit_selector": true,
                        "bunch_selector": false,
                        "drained_weight": 0.063,
                        "price_decreased": false,
                        "reference_price": "16.67",
                        "min_bunch_amount": 1.0,
                        "reference_format": "kg",
                        "increment_bunch_amount": 1.0
                    }
                },
                {
                    "id": "18542",
                    "limit": 1000,
                    "badges": {
                        "is_water": false,
                        "requires_age_check": false
                    },
                    "packaging": "Llauna",
                    "thumbnail": "https://prod-mercadona.imgix.net/20190521/42/18542/vlc1/18542_00_02.jpg?fit=crop&h=206&w=206",
                    "display_name": "Navalla del Pacífic al natural Cono sur",
                    "bunch_selector": false,
                    "price_instructions": {
                        "iva": 10,
                        "is_new": false,
                        "is_pack": false,
                        "pack_size": null,
                        "unit_name": null,
                        "unit_size": 0.111,
                        "bulk_price": "12.52",
                        "unit_price": "1.39",
                        "approx_size": false,
                        "size_format": "kg",
                        "total_units": null,
                        "unit_selector": true,
                        "bunch_selector": false,
                        "drained_weight": 0.063,
                        "price_decreased": false,
                        "reference_price": "22.06",
                        "min_bunch_amount": 1.0,
                        "reference_format": "kg",
                        "increment_bunch_amount": 1.0
                    }
                },
                {
                    "id": "18559",
                    "limit": 1000,
                    "badges": {
                        "is_water": false,
                        "requires_age_check": false
                    },
                    "packaging": "Llauna",
                    "thumbnail": "https://prod-mercadona.imgix.net/20190521/59/18559/vlc1/18559_00_02.jpg?fit=crop&h=206&w=206",
                    "display_name": "Cloïsses rosades machas Cono sur al natural",
                    "bunch_selector": false,
                    "price_instructions": {
                        "iva": 10,
                        "is_new": false,
                        "is_pack": false,
                        "pack_size": null,
                        "unit_name": null,
                        "unit_size": 0.111,
                        "bulk_price": "19.37",
                        "unit_price": "2.15",
                        "approx_size": false,
                        "size_format": "kg",
                        "total_units": null,
                        "unit_selector": true,
                        "bunch_selector": false,
                        "drained_weight": 0.063,
                        "price_decreased": false,
                        "reference_price": "34.13",
                        "min_bunch_amount": 1.0,
                        "reference_format": "kg",
                        "increment_bunch_amount": 1.0
                    }
                },
                {
                    "id": "18601",
                    "limit": 1000,
                    "badges": {
                        "is_water": false,
                        "requires_age_check": false
                    },
                    "packaging": "Llauna",
                    "thumbnail": "https://prod-mercadona.imgix.net/20190521/01/18601/vlc1/18601_00_02.jpg?fit=crop&h=206&w=206",
                    "display_name": "Musclos en escabetx Hacendado grans",
                    "bunch_selector": false,
                    "price_instructions": {
                        "iva": 10,
                        "is_new": false,
                        "is_pack": false,
                        "pack_size": null,
                        "unit_name": null,
                        "unit_size": 0.111,
                        "bulk_price": "31.53",
                        "unit_price": "3.50",
                        "approx_size": false,
                        "size_format": "kg",
                        "total_units": null,
                        "unit_selector": true,
                        "bunch_selector": false,
                        "drained_weight": 0.069,
                        "price_decreased": false,
                        "reference_price": "50.72",
                        "min_bunch_amount": 1.0,
                        "reference_format": "kg",
                        "increment_bunch_amount": 1.0
                    }
                },
                {
                    "id": "18611",
                    "limit": 1000,
                    "badges": {
                        "is_water": false,
                        "requires_age_check": false
                    },
                    "packaging": "Llauna",
                    "thumbnail": "https://prod-mercadona.imgix.net/20190521/11/18611/vlc1/18611_00_02.jpg?fit=crop&h=206&w=206",
                    "display_name": "Musclos picants en escabetx Hacendado petits",
                    "bunch_selector": false,
                    "price_instructions": {
                        "iva": 10,
                        "is_new": false,
                        "is_pack": false,
                        "pack_size": null,
                        "unit_name": null,
                        "unit_size": 0.111,
                        "bulk_price": "9.82",
                        "unit_price": "1.09",
                        "approx_size": false,
                        "size_format": "kg",
                        "total_units": null,
                        "unit_selector": true,
                        "bunch_selector": false,
                        "drained_weight": 0.069,
                        "price_decreased": false,
                        "reference_price": "15.80",
                        "min_bunch_amount": 1.0,
                        "reference_format": "kg",
                        "increment_bunch_amount": 1.0
                    }
                },
                {
                    "id": "18613",
                    "limit": 1000,
                    "badges": {
                        "is_water": false,
                        "requires_age_check": false
                    },
                    "packaging": "Llauna",
                    "thumbnail": "https://prod-mercadona.imgix.net/20190521/13/18613/vlc1/18613_00_02.jpg?fit=crop&h=206&w=206",
                    "display_name": "Musclos al natural Hacendado petits",
                    "bunch_selector": false,
                    "price_instructions": {
                        "iva": 10,
                        "is_new": false,
                        "is_pack": false,
                        "pack_size": null,
                        "unit_name": null,
                        "unit_size": 0.111,
                        "bulk_price": "9.01",
                        "unit_price": "1.00",
                        "approx_size": false,
                        "size_format": "kg",
                        "total_units": null,
                        "unit_selector": true,
                        "bunch_selector": false,
                        "drained_weight": 0.069,
                        "price_decreased": false,
                        "reference_price": "14.49",
                        "min_bunch_amount": 1.0,
                        "reference_format": "kg",
                        "increment_bunch_amount": 1.0
                    }
                },
                {
                    "id": "18614",
                    "limit": 1000,
                    "badges": {
                        "is_water": false,
                        "requires_age_check": false
                    },
                    "packaging": "Llauna",
                    "thumbnail": "https://prod-mercadona.imgix.net/20190521/14/18614/vlc1/18614_00_02.jpg?fit=crop&h=206&w=206",
                    "display_name": "Musclos amb salsa de vieira Hacendado petits",
                    "bunch_selector": false,
                    "price_instructions": {
                        "iva": 10,
                        "is_new": false,
                        "is_pack": false,
                        "pack_size": null,
                        "unit_name": null,
                        "unit_size": 0.111,
                        "bulk_price": "10.36",
                        "unit_price": "1.15",
                        "approx_size": false,
                        "size_format": "kg",
                        "total_units": null,
                        "unit_selector": true,
                        "bunch_selector": false,
                        "drained_weight": 0.069,
                        "price_decreased": false,
                        "reference_price": "16.67",
                        "min_bunch_amount": 1.0,
                        "reference_format": "kg",
                        "increment_bunch_amount": 1.0
                    }
                },
                {
                    "id": "18615",
                    "limit": 1000,
                    "badges": {
                        "is_water": false,
                        "requires_age_check": false
                    },
                    "packaging": "Paquet-2",
                    "thumbnail": "https://prod-mercadona.imgix.net/20190521/15/18615/vlc1/18615_00_02.jpg?fit=crop&h=206&w=206",
                    "display_name": "Musclos en escabetx Hacendado petits",
                    "bunch_selector": false,
                    "price_instructions": {
                        "iva": 10,
                        "is_new": false,
                        "is_pack": true,
                        "pack_size": 0.106,
                        "unit_name": "llaunes",
                        "unit_size": 0.35,
                        "bulk_price": "5.71",
                        "unit_price": "2.00",
                        "approx_size": false,
                        "size_format": "kg",
                        "total_units": 2,
                        "unit_selector": true,
                        "bunch_selector": false,
                        "drained_weight": 0.212,
                        "price_decreased": false,
                        "reference_price": "9.43",
                        "min_bunch_amount": 1.0,
                        "reference_format": "kg",
                        "increment_bunch_amount": 1.0
                    }
                },
                {
                    "id": "18577",
                    "limit": 1000,
                    "badges": {
                        "is_water": false,
                        "requires_age_check": false
                    },
                    "packaging": "Llauna",
                    "thumbnail": "https://prod-mercadona.imgix.net/20190521/77/18577/vlc1/18577_00_02.jpg?fit=crop&h=206&w=206",
                    "display_name": "Escopinyes al natural Hacendado",
                    "bunch_selector": false,
                    "price_instructions": {
                        "iva": 10,
                        "is_new": false,
                        "is_pack": false,
                        "pack_size": null,
                        "unit_name": null,
                        "unit_size": 0.111,
                        "bulk_price": "19.37",
                        "unit_price": "2.15",
                        "approx_size": false,
                        "size_format": "kg",
                        "total_units": null,
                        "unit_selector": true,
                        "bunch_selector": false,
                        "drained_weight": 0.063,
                        "price_decreased": false,
                        "reference_price": "34.13",
                        "min_bunch_amount": 1.0,
                        "reference_format": "kg",
                        "increment_bunch_amount": 1.0
                    }
                },
                {
                    "id": "18574",
                    "limit": 1000,
                    "badges": {
                        "is_water": false,
                        "requires_age_check": false
                    },
                    "packaging": "Llauna",
                    "thumbnail": "https://prod-mercadona.imgix.net/20190521/74/18574/vlc1/18574_00_02.jpg?fit=crop&h=206&w=206",
                    "display_name": "Cloïsses blanques Cono sur amb salsa gallega",
                    "bunch_selector": false,
                    "price_instructions": {
                        "iva": 10,
                        "is_new": false,
                        "is_pack": false,
                        "pack_size": null,
                        "unit_name": null,
                        "unit_size": 0.083,
                        "bulk_price": "21.69",
                        "unit_price": "1.80",
                        "approx_size": false,
                        "size_format": "kg",
                        "total_units": null,
                        "unit_selector": true,
                        "bunch_selector": false,
                        "drained_weight": 0.043,
                        "price_decreased": false,
                        "reference_price": "41.86",
                        "min_bunch_amount": 1.0,
                        "reference_format": "kg",
                        "increment_bunch_amount": 1.0
                    }
                },
                {
                    "id": "18527",
                    "limit": 1000,
                    "badges": {
                        "is_water": false,
                        "requires_age_check": false
                    },
                    "packaging": "Llauna",
                    "thumbnail": "https://prod-mercadona.imgix.net/20190521/27/18527/vlc1/18527_00_02.jpg?fit=crop&h=206&w=206",
                    "display_name": "Navalles al natural Du nord",
                    "bunch_selector": false,
                    "price_instructions": {
                        "iva": 10,
                        "is_new": false,
                        "is_pack": false,
                        "pack_size": null,
                        "unit_name": null,
                        "unit_size": 0.111,
                        "bulk_price": "15.23",
                        "unit_price": "1.69",
                        "approx_size": false,
                        "size_format": "kg",
                        "total_units": null,
                        "unit_selector": true,
                        "bunch_selector": false,
                        "drained_weight": 0.063,
                        "price_decreased": false,
                        "reference_price": "26.82",
                        "min_bunch_amount": 1.0,
                        "reference_format": "kg",
                        "increment_bunch_amount": 1.0
                    }
                },
                {
                    "id": "18553",
                    "limit": 1000,
                    "badges": {
                        "is_water": false,
                        "requires_age_check": false
                    },
                    "packaging": "Llauna",
                    "thumbnail": "https://prod-mercadona.imgix.net/20190521/53/18553/vlc1/18553_00_02.jpg?fit=crop&h=206&w=206",
                    "display_name": "Escopinyes al natural S Hacendado",
                    "bunch_selector": false,
                    "price_instructions": {
                        "iva": 10,
                        "is_new": false,
                        "is_pack": false,
                        "pack_size": null,
                        "unit_name": null,
                        "unit_size": 0.111,
                        "bulk_price": "16.04",
                        "unit_price": "1.78",
                        "approx_size": false,
                        "size_format": "kg",
                        "total_units": null,
                        "unit_selector": true,
                        "bunch_selector": false,
                        "drained_weight": 0.063,
                        "price_decreased": false,
                        "reference_price": "28.25",
                        "min_bunch_amount": 1.0,
                        "reference_format": "kg",
                        "increment_bunch_amount": 1.0
                    }
                },
                {
                    "id": "18538",
                    "limit": 1000,
                    "badges": {
                        "is_water": false,
                        "requires_age_check": false
                    },
                    "packaging": "Llauna",
                    "thumbnail": "https://prod-mercadona.imgix.net/20190521/38/18538/vlc1/18538_00_02.jpg?fit=crop&h=206&w=206",
                    "display_name": "Zamburiñas amb salsa de vieira Hacendado",
                    "bunch_selector": false,
                    "price_instructions": {
                        "iva": 10,
                        "is_new": false,
                        "is_pack": false,
                        "pack_size": null,
                        "unit_name": null,
                        "unit_size": 0.111,
                        "bulk_price": "14.68",
                        "unit_price": "1.63",
                        "approx_size": false,
                        "size_format": "kg",
                        "total_units": null,
                        "unit_selector": true,
                        "bunch_selector": false,
                        "drained_weight": 0.081,
                        "price_decreased": false,
                        "reference_price": "20.12",
                        "min_bunch_amount": 1.0,
                        "reference_format": "kg",
                        "increment_bunch_amount": 1.0
                    }
                },
                {
                    "id": "18568",
                    "limit": 1000,
                    "badges": {
                        "is_water": false,
                        "requires_age_check": false
                    },
                    "packaging": "Llauna",
                    "thumbnail": "https://prod-mercadona.imgix.net/20190521/68/18568/vlc1/18568_00_02.jpg?fit=crop&h=206&w=206",
                    "display_name": "Escopinyes al natural gegants Hacendado",
                    "bunch_selector": false,
                    "price_instructions": {
                        "iva": 10,
                        "is_new": false,
                        "is_pack": false,
                        "pack_size": null,
                        "unit_name": null,
                        "unit_size": 0.111,
                        "bulk_price": "69.19",
                        "unit_price": "7.68",
                        "approx_size": false,
                        "size_format": "kg",
                        "total_units": null,
                        "unit_selector": true,
                        "bunch_selector": false,
                        "drained_weight": 0.063,
                        "price_decreased": false,
                        "reference_price": "121.90",
                        "min_bunch_amount": 1.0,
                        "reference_format": "kg",
                        "increment_bunch_amount": 1.0
                    }
                },
                {
                    "id": "18581",
                    "limit": 1000,
                    "badges": {
                        "is_water": false,
                        "requires_age_check": false
                    },
                    "packaging": "Llauna",
                    "thumbnail": "https://prod-mercadona.imgix.net/20190521/81/18581/vlc1/18581_00_02.jpg?fit=crop&h=206&w=206",
                    "display_name": "Cloïsses de Xile Disty al natural",
                    "bunch_selector": false,
                    "price_instructions": {
                        "iva": 10,
                        "is_new": false,
                        "is_pack": false,
                        "pack_size": null,
                        "unit_name": null,
                        "unit_size": 0.111,
                        "bulk_price": "11.62",
                        "unit_price": "1.29",
                        "approx_size": false,
                        "size_format": "kg",
                        "total_units": null,
                        "unit_selector": true,
                        "bunch_selector": false,
                        "drained_weight": 0.063,
                        "price_decreased": false,
                        "reference_price": "20.48",
                        "min_bunch_amount": 1.0,
                        "reference_format": "kg",
                        "increment_bunch_amount": 1.0
                    }
                },
                {
                    "id": "18579",
                    "limit": 1000,
                    "badges": {
                        "is_water": false,
                        "requires_age_check": false
                    },
                    "packaging": "Llauna",
                    "thumbnail": "https://prod-mercadona.imgix.net/20190521/79/18579/vlc1/18579_00_02.jpg?fit=crop&h=206&w=206",
                    "display_name": "Cloïsses blanques del nord Hacendado al natural",
                    "bunch_selector": false,
                    "price_instructions": {
                        "iva": 10,
                        "is_new": false,
                        "is_pack": false,
                        "pack_size": null,
                        "unit_name": null,
                        "unit_size": 0.185,
                        "bulk_price": "8.11",
                        "unit_price": "1.50",
                        "approx_size": false,
                        "size_format": "kg",
                        "total_units": null,
                        "unit_selector": true,
                        "bunch_selector": false,
                        "drained_weight": 0.09,
                        "price_decreased": false,
                        "reference_price": "16.67",
                        "min_bunch_amount": 1.0,
                        "reference_format": "kg",
                        "increment_bunch_amount": 1.0
                    }
                },
                {
                    "id": "18565",
                    "limit": 1000,
                    "badges": {
                        "is_water": false,
                        "requires_age_check": false
                    },
                    "packaging": "Llauna",
                    "thumbnail": "https://prod-mercadona.imgix.net/20190521/65/18565/vlc1/18565_00_02.jpg?fit=crop&h=206&w=206",
                    "display_name": "Escopinyes al natural L Hacendado",
                    "bunch_selector": false,
                    "price_instructions": {
                        "iva": 10,
                        "is_new": false,
                        "is_pack": false,
                        "pack_size": null,
                        "unit_name": null,
                        "unit_size": 0.111,
                        "bulk_price": "39.64",
                        "unit_price": "4.40",
                        "approx_size": false,
                        "size_format": "kg",
                        "total_units": null,
                        "unit_selector": true,
                        "bunch_selector": false,
                        "drained_weight": 0.063,
                        "price_decreased": false,
                        "reference_price": "69.84",
                        "min_bunch_amount": 1.0,
                        "reference_format": "kg",
                        "increment_bunch_amount": 1.0
                    }
                }
            ],
            "is_extended": false
        },
        {
            "id": 127,
            "name": "Conserves de verdura i fruita",
            "layout": 1,
            "products": [
                {
                    "id": "15022",
                    "limit": 1000,
                    "badges": {
                        "is_water": false,
                        "requires_age_check": false
                    },
                    "packaging": "Paquet-2",
                    "thumbnail": "https://prod-mercadona.imgix.net/20190521/22/15022/vlc1/15022_00_02.jpg?fit=crop&h=206&w=206",
                    "display_name": "Poma cuita Hacendado",
                    "bunch_selector": false,
                    "price_instructions": {
                        "iva": 10,
                        "is_new": false,
                        "is_pack": true,
                        "pack_size": 0.12,
                        "unit_name": "u.",
                        "unit_size": 0.24,
                        "bulk_price": "6.88",
                        "unit_price": "1.65",
                        "approx_size": false,
                        "size_format": "kg",
                        "total_units": 2,
                        "unit_selector": true,
                        "bunch_selector": false,
                        "drained_weight": null,
                        "price_decreased": false,
                        "reference_price": "6.88",
                        "min_bunch_amount": 1.0,
                        "reference_format": "kg",
                        "increment_bunch_amount": 1.0
                    }
                },
                {
                    "id": "15031",
                    "limit": 1000,
                    "badges": {
                        "is_water": false,
                        "requires_age_check": false
                    },
                    "packaging": "Pot",
                    "thumbnail": "https://prod-mercadona.imgix.net/20190521/31/15031/vlc1/15031_00_02.jpg?fit=crop&h=206&w=206",
                    "display_name": "Cabell d'àngel Hida",
                    "bunch_selector": false,
                    "price_instructions": {
                        "iva": 10,
                        "is_new": false,
                        "is_pack": false,
                        "pack_size": null,
                        "unit_name": null,
                        "unit_size": 0.52,
                        "bulk_price": "3.25",
                        "unit_price": "1.69",
                        "approx_size": false,
                        "size_format": "kg",
                        "total_units": null,
                        "unit_selector": true,
                        "bunch_selector": false,
                        "drained_weight": null,
                        "price_decreased": false,
                        "reference_price": "3.25",
                        "min_bunch_amount": 1.0,
                        "reference_format": "kg",
                        "increment_bunch_amount": 1.0
                    }
                },
                {
                    "id": "15055",
                    "limit": 1000,
                    "badges": {
                        "is_water": false,
                        "requires_age_check": false
                    },
                    "packaging": "Pot",
                    "thumbnail": "https://prod-mercadona.imgix.net/20190521/55/15055/vlc1/15055_00_02.jpg?fit=crop&h=206&w=206",
                    "display_name": "Confitura de moniato Hida",
                    "bunch_selector": false,
                    "price_instructions": {
                        "iva": 10,
                        "is_new": false,
                        "is_pack": false,
                        "pack_size": null,
                        "unit_name": null,
                        "unit_size": 0.82,
                        "bulk_price": "3.29",
                        "unit_price": "2.70",
                        "approx_size": false,
                        "size_format": "kg",
                        "total_units": null,
                        "unit_selector": true,
                        "bunch_selector": false,
                        "drained_weight": null,
                        "price_decreased": false,
                        "reference_price": "3.29",
                        "min_bunch_amount": 1.0,
                        "reference_format": "kg",
                        "increment_bunch_amount": 1.0
                    }
                },
                {
                    "id": "16737",
                    "limit": 1000,
                    "badges": {
                        "is_water": false,
                        "requires_age_check": false
                    },
                    "packaging": "Pot",
                    "thumbnail": "https://prod-mercadona.imgix.net/20190521/37/16737/vlc1/16737_00_02.jpg?fit=crop&h=206&w=206",
                    "display_name": "Macedònia de verdures Hacendado",
                    "bunch_selector": false,
                    "price_instructions": {
                        "iva": 10,
                        "is_new": false,
                        "is_pack": false,
                        "pack_size": null,
                        "unit_name": null,
                        "unit_size": 0.535,
                        "bulk_price": "1.40",
                        "unit_price": "0.75",
                        "approx_size": false,
                        "size_format": "kg",
                        "total_units": null,
                        "unit_selector": true,
                        "bunch_selector": false,
                        "drained_weight": 0.32,
                        "price_decreased": false,
                        "reference_price": "2.34",
                        "min_bunch_amount": 1.0,
                        "reference_format": "kg",
                        "increment_bunch_amount": 1.0
                    }
                },
                {
                    "id": "16728",
                    "limit": 1000,
                    "badges": {
                        "is_water": false,
                        "requires_age_check": false
                    },
                    "packaging": "Safata",
                    "thumbnail": "https://prod-mercadona.imgix.net/20190521/28/16728/vlc1/16728_00_02.jpg?fit=crop&h=206&w=206",
                    "display_name": "Minestra Hacendado",
                    "bunch_selector": false,
                    "price_instructions": {
                        "iva": 10,
                        "is_new": false,
                        "is_pack": false,
                        "pack_size": null,
                        "unit_name": null,
                        "unit_size": 0.3,
                        "bulk_price": "5.33",
                        "unit_price": "1.60",
                        "approx_size": false,
                        "size_format": "kg",
                        "total_units": null,
                        "unit_selector": true,
                        "bunch_selector": false,
                        "drained_weight": null,
                        "price_decreased": false,
                        "reference_price": "5.33",
                        "min_bunch_amount": 1.0,
                        "reference_format": "kg",
                        "increment_bunch_amount": 1.0
                    }
                },
                {
                    "id": "16311",
                    "limit": 1000,
                    "badges": {
                        "is_water": false,
                        "requires_age_check": false
                    },
                    "packaging": "Pot",
                    "thumbnail": "https://prod-mercadona.imgix.net/20190521/11/16311/vlc1/16311_00_02.jpg?fit=crop&h=206&w=206",
                    "display_name": "Espinacs Ybarra",
                    "bunch_selector": false,
                    "price_instructions": {
                        "iva": 10,
                        "is_new": false,
                        "is_pack": false,
                        "pack_size": null,
                        "unit_name": null,
                        "unit_size": 0.66,
                        "bulk_price": "1.52",
                        "unit_price": "1.00",
                        "approx_size": false,
                        "size_format": "kg",
                        "total_units": null,
                        "unit_selector": true,
                        "bunch_selector": false,
                        "drained_weight": 0.425,
                        "price_decreased": false,
                        "reference_price": "2.35",
                        "min_bunch_amount": 1.0,
                        "reference_format": "kg",
                        "increment_bunch_amount": 1.0
                    }
                },
                {
                    "id": "15086",
                    "limit": 1000,
                    "badges": {
                        "is_water": false,
                        "requires_age_check": false
                    },
                    "packaging": "Pot",
                    "thumbnail": "https://prod-mercadona.imgix.net/20190521/86/15086/vlc1/15086_00_02.jpg?fit=crop&h=206&w=206",
                    "display_name": "Postres de poma Jamar",
                    "bunch_selector": false,
                    "price_instructions": {
                        "iva": 10,
                        "is_new": false,
                        "is_pack": false,
                        "pack_size": null,
                        "unit_name": null,
                        "unit_size": 0.71,
                        "bulk_price": "2.04",
                        "unit_price": "1.45",
                        "approx_size": false,
                        "size_format": "kg",
                        "total_units": null,
                        "unit_selector": true,
                        "bunch_selector": false,
                        "drained_weight": null,
                        "price_decreased": false,
                        "reference_price": "2.04",
                        "min_bunch_amount": 1.0,
                        "reference_format": "kg",
                        "increment_bunch_amount": 1.0
                    }
                },
                {
                    "id": "15087",
                    "limit": 1000,
                    "badges": {
                        "is_water": false,
                        "requires_age_check": false
                    },
                    "packaging": "Pot",
                    "thumbnail": "https://prod-mercadona.imgix.net/20190521/87/15087/vlc1/15087_00_02.jpg?fit=crop&h=206&w=206",
                    "display_name": "Cireres en almívar dens Hacendado",
                    "bunch_selector": false,
                    "price_instructions": {
                        "iva": 10,
                        "is_new": false,
                        "is_pack": false,
                        "pack_size": null,
                        "unit_name": null,
                        "unit_size": 0.16,
                        "bulk_price": "6.25",
                        "unit_price": "1.00",
                        "approx_size": false,
                        "size_format": "kg",
                        "total_units": null,
                        "unit_selector": true,
                        "bunch_selector": false,
                        "drained_weight": 0.09,
                        "price_decreased": false,
                        "reference_price": "11.11",
                        "min_bunch_amount": 1.0,
                        "reference_format": "kg",
                        "increment_bunch_amount": 1.0
                    }
                },
                {
                    "id": "15203",
                    "limit": 1000,
                    "badges": {
                        "is_water": false,
                        "requires_age_check": false
                    },
                    "packaging": "Paquet-3",
                    "thumbnail": "https://prod-mercadona.imgix.net/20190521/03/15203/vlc1/15203_00_02.jpg?fit=crop&h=206&w=206",
                    "display_name": "Pinya amb suc Videca rodanxa mitjana",
                    "bunch_selector": false,
                    "price_instructions": {
                        "iva": 10,
                        "is_new": false,
                        "is_pack": true,
                        "pack_size": 0.14,
                        "unit_name": "llaunes",
                        "unit_size": 0.681,
                        "bulk_price": "2.86",
                        "unit_price": "1.95",
                        "approx_size": false,
                        "size_format": "kg",
                        "total_units": 3,
                        "unit_selector": true,
                        "bunch_selector": false,
                        "drained_weight": 0.42,
                        "price_decreased": false,
                        "reference_price": "4.64",
                        "min_bunch_amount": 1.0,
                        "reference_format": "kg",
                        "increment_bunch_amount": 1.0
                    }
                },
                {
                    "id": "15206",
                    "limit": 1000,
                    "badges": {
                        "is_water": false,
                        "requires_age_check": false
                    },
                    "packaging": "Paquet-3",
                    "thumbnail": "https://prod-mercadona.imgix.net/20190521/06/15206/vlc1/15206_00_02.jpg?fit=crop&h=206&w=206",
                    "display_name": "Préssec en almívar Hacendado",
                    "bunch_selector": false,
                    "price_instructions": {
                        "iva": 10,
                        "is_new": false,
                        "is_pack": true,
                        "pack_size": 0.115,
                        "unit_name": "llaunes",
                        "unit_size": 0.6,
                        "bulk_price": "2.82",
                        "unit_price": "1.69",
                        "approx_size": false,
                        "size_format": "kg",
                        "total_units": 3,
                        "unit_selector": true,
                        "bunch_selector": false,
                        "drained_weight": 0.345,
                        "price_decreased": false,
                        "reference_price": "4.90",
                        "min_bunch_amount": 1.0,
                        "reference_format": "kg",
                        "increment_bunch_amount": 1.0
                    }
                },
                {
                    "id": "15216",
                    "limit": 1000,
                    "badges": {
                        "is_water": false,
                        "requires_age_check": false
                    },
                    "packaging": "Pot",
                    "thumbnail": "https://prod-mercadona.imgix.net/20190521/16/15216/vlc1/15216_00_02.jpg?fit=crop&h=206&w=206",
                    "display_name": "Préssec en almívar Hacendado",
                    "bunch_selector": false,
                    "price_instructions": {
                        "iva": 10,
                        "is_new": false,
                        "is_pack": false,
                        "pack_size": null,
                        "unit_name": null,
                        "unit_size": 0.85,
                        "bulk_price": "1.64",
                        "unit_price": "1.39",
                        "approx_size": false,
                        "size_format": "kg",
                        "total_units": null,
                        "unit_selector": true,
                        "bunch_selector": false,
                        "drained_weight": 0.48,
                        "price_decreased": false,
                        "reference_price": "2.90",
                        "min_bunch_amount": 1.0,
                        "reference_format": "kg",
                        "increment_bunch_amount": 1.0
                    }
                },
                {
                    "id": "15219",
                    "limit": 1000,
                    "badges": {
                        "is_water": false,
                        "requires_age_check": false
                    },
                    "packaging": "Pot",
                    "thumbnail": "https://prod-mercadona.imgix.net/20190521/19/15219/vlc1/15219_00_01.jpg?fit=crop&h=206&w=206",
                    "display_name": "Pinya amb suc Hacendado rodanxes trossejada",
                    "bunch_selector": false,
                    "price_instructions": {
                        "iva": 10,
                        "is_new": false,
                        "is_pack": false,
                        "pack_size": null,
                        "unit_name": null,
                        "unit_size": 0.425,
                        "bulk_price": "2.59",
                        "unit_price": "1.10",
                        "approx_size": false,
                        "size_format": "kg",
                        "total_units": null,
                        "unit_selector": true,
                        "bunch_selector": false,
                        "drained_weight": 0.27,
                        "price_decreased": false,
                        "reference_price": "4.07",
                        "min_bunch_amount": 1.0,
                        "reference_format": "kg",
                        "increment_bunch_amount": 1.0
                    }
                },
                {
                    "id": "15220",
                    "limit": 1000,
                    "badges": {
                        "is_water": false,
                        "requires_age_check": false
                    },
                    "packaging": "Pot",
                    "thumbnail": "https://prod-mercadona.imgix.net/20190521/20/15220/vlc1/15220_00_02.jpg?fit=crop&h=206&w=206",
                    "display_name": "Pinya amb suc Videca rodanxa gran",
                    "bunch_selector": false,
                    "price_instructions": {
                        "iva": 10,
                        "is_new": false,
                        "is_pack": false,
                        "pack_size": null,
                        "unit_name": null,
                        "unit_size": 0.822,
                        "bulk_price": "1.89",
                        "unit_price": "1.55",
                        "approx_size": false,
                        "size_format": "kg",
                        "total_units": null,
                        "unit_selector": true,
                        "bunch_selector": false,
                        "drained_weight": 0.49,
                        "price_decreased": false,
                        "reference_price": "3.16",
                        "min_bunch_amount": 1.0,
                        "reference_format": "kg",
                        "increment_bunch_amount": 1.0
                    }
                },
                {
                    "id": "15224",
                    "limit": 1000,
                    "badges": {
                        "is_water": false,
                        "requires_age_check": false
                    },
                    "packaging": "Paquet-2",
                    "thumbnail": "https://prod-mercadona.imgix.net/20190521/24/15224/vlc1/15224_00_01.jpg?fit=crop&h=206&w=206",
                    "display_name": "Macedònia de fruites Hacendado en suc de raïm",
                    "bunch_selector": false,
                    "price_instructions": {
                        "iva": 10,
                        "is_new": false,
                        "is_pack": true,
                        "pack_size": 0.115,
                        "unit_name": "llaunes",
                        "unit_size": 0.4,
                        "bulk_price": "3.21",
                        "unit_price": "1.35",
                        "approx_size": false,
                        "size_format": "kg",
                        "total_units": 2,
                        "unit_selector": true,
                        "bunch_selector": false,
                        "drained_weight": 0.23,
                        "price_decreased": false,
                        "reference_price": "5.87",
                        "min_bunch_amount": 1.0,
                        "reference_format": "kg",
                        "increment_bunch_amount": 1.0
                    }
                },
                {
                    "id": "15225",
                    "limit": 1000,
                    "badges": {
                        "is_water": false,
                        "requires_age_check": false
                    },
                    "packaging": "Paquet-2",
                    "thumbnail": "https://prod-mercadona.imgix.net/20190521/25/15225/vlc1/15225_00_02.jpg?fit=crop&h=206&w=206",
                    "display_name": "Pera en suc de raïm Videca",
                    "bunch_selector": false,
                    "price_instructions": {
                        "iva": 10,
                        "is_new": false,
                        "is_pack": true,
                        "pack_size": 0.115,
                        "unit_name": "llaunes",
                        "unit_size": 0.41,
                        "bulk_price": "3.54",
                        "unit_price": "1.45",
                        "approx_size": false,
                        "size_format": "kg",
                        "total_units": 2,
                        "unit_selector": true,
                        "bunch_selector": false,
                        "drained_weight": 0.23,
                        "price_decreased": false,
                        "reference_price": "6.30",
                        "min_bunch_amount": 1.0,
                        "reference_format": "kg",
                        "increment_bunch_amount": 1.0
                    }
                },
                {
                    "id": "15231",
                    "limit": 1000,
                    "badges": {
                        "is_water": false,
                        "requires_age_check": false
                    },
                    "packaging": "Pot",
                    "thumbnail": "https://prod-mercadona.imgix.net/20190521/31/15231/vlc1/15231_00_02.jpg?fit=crop&h=206&w=206",
                    "display_name": "Préssec light Hacendado sense sucres afegits",
                    "bunch_selector": false,
                    "price_instructions": {
                        "iva": 10,
                        "is_new": false,
                        "is_pack": false,
                        "pack_size": null,
                        "unit_name": null,
                        "unit_size": 0.4,
                        "bulk_price": "2.38",
                        "unit_price": "0.95",
                        "approx_size": false,
                        "size_format": "kg",
                        "total_units": null,
                        "unit_selector": true,
                        "bunch_selector": false,
                        "drained_weight": 0.24,
                        "price_decreased": false,
                        "reference_price": "3.96",
                        "min_bunch_amount": 1.0,
                        "reference_format": "kg",
                        "increment_bunch_amount": 1.0
                    }
                },
                {
                    "id": "15237",
                    "limit": 1000,
                    "badges": {
                        "is_water": false,
                        "requires_age_check": false
                    },
                    "packaging": "Pot",
                    "thumbnail": "https://prod-mercadona.imgix.net/20190521/37/15237/vlc1/15237_00_01.jpg?fit=crop&h=206&w=206",
                    "display_name": "Fruites vermelles en suc de raïm Videca",
                    "bunch_selector": false,
                    "price_instructions": {
                        "iva": 10,
                        "is_new": false,
                        "is_pack": false,
                        "pack_size": null,
                        "unit_name": null,
                        "unit_size": 0.3,
                        "bulk_price": "3.67",
                        "unit_price": "1.10",
                        "approx_size": false,
                        "size_format": "kg",
                        "total_units": null,
                        "unit_selector": true,
                        "bunch_selector": false,
                        "drained_weight": 0.11,
                        "price_decreased": false,
                        "reference_price": "10.00",
                        "min_bunch_amount": 1.0,
                        "reference_format": "kg",
                        "increment_bunch_amount": 1.0
                    }
                },
                {
                    "id": "15245",
                    "limit": 1000,
                    "badges": {
                        "is_water": false,
                        "requires_age_check": false
                    },
                    "packaging": "Pot",
                    "thumbnail": "https://prod-mercadona.imgix.net/20190521/45/15245/vlc1/15245_00_02.jpg?fit=crop&h=206&w=206",
                    "display_name": "Macedònia de fruites en almívar Hacendado",
                    "bunch_selector": false,
                    "price_instructions": {
                        "iva": 10,
                        "is_new": false,
                        "is_pack": false,
                        "pack_size": null,
                        "unit_name": null,
                        "unit_size": 0.84,
                        "bulk_price": "1.67",
                        "unit_price": "1.40",
                        "approx_size": false,
                        "size_format": "kg",
                        "total_units": null,
                        "unit_selector": true,
                        "bunch_selector": false,
                        "drained_weight": 0.48,
                        "price_decreased": false,
                        "reference_price": "2.92",
                        "min_bunch_amount": 1.0,
                        "reference_format": "kg",
                        "increment_bunch_amount": 1.0
                    }
                },
                {
                    "id": "15247",
                    "limit": 1000,
                    "badges": {
                        "is_water": false,
                        "requires_age_check": false
                    },
                    "packaging": "Pot",
                    "thumbnail": "https://prod-mercadona.imgix.net/20190521/47/15247/vlc1/15247_00_02.jpg?fit=crop&h=206&w=206",
                    "display_name": "Pera en almívar lleuger Videca",
                    "bunch_selector": false,
                    "price_instructions": {
                        "iva": 10,
                        "is_new": false,
                        "is_pack": false,
                        "pack_size": null,
                        "unit_name": null,
                        "unit_size": 0.85,
                        "bulk_price": "1.76",
                        "unit_price": "1.50",
                        "approx_size": false,
                        "size_format": "kg",
                        "total_units": null,
                        "unit_selector": true,
                        "bunch_selector": false,
                        "drained_weight": 0.46,
                        "price_decreased": false,
                        "reference_price": "3.26",
                        "min_bunch_amount": 1.0,
                        "reference_format": "kg",
                        "increment_bunch_amount": 1.0
                    }
                },
                {
                    "id": "15248",
                    "limit": 1000,
                    "badges": {
                        "is_water": false,
                        "requires_age_check": false
                    },
                    "packaging": "Pot",
                    "thumbnail": "https://prod-mercadona.imgix.net/20190521/48/15248/vlc1/15248_00_02.jpg?fit=crop&h=206&w=206",
                    "display_name": "Mandarina en almívar lleuger Videca",
                    "bunch_selector": false,
                    "price_instructions": {
                        "iva": 10,
                        "is_new": false,
                        "is_pack": false,
                        "pack_size": null,
                        "unit_name": null,
                        "unit_size": 0.312,
                        "bulk_price": "3.85",
                        "unit_price": "1.20",
                        "approx_size": false,
                        "size_format": "kg",
                        "total_units": null,
                        "unit_selector": true,
                        "bunch_selector": false,
                        "drained_weight": 0.175,
                        "price_decreased": false,
                        "reference_price": "6.86",
                        "min_bunch_amount": 1.0,
                        "reference_format": "kg",
                        "increment_bunch_amount": 1.0
                    }
                },
                {
                    "id": "15317",
                    "limit": 1000,
                    "badges": {
                        "is_water": false,
                        "requires_age_check": false
                    },
                    "packaging": "Paquet-2",
                    "thumbnail": "https://prod-mercadona.imgix.net/20190521/17/15317/vlc1/15317_00_07.jpg?fit=crop&h=206&w=206",
                    "display_name": "Confitura de codony primera Hacendado",
                    "bunch_selector": false,
                    "price_instructions": {
                        "iva": 10,
                        "is_new": false,
                        "is_pack": true,
                        "pack_size": 0.2,
                        "unit_name": "terrines",
                        "unit_size": 0.4,
                        "bulk_price": "2.22",
                        "unit_price": "0.89",
                        "approx_size": false,
                        "size_format": "kg",
                        "total_units": 2,
                        "unit_selector": true,
                        "bunch_selector": false,
                        "drained_weight": null,
                        "price_decreased": false,
                        "reference_price": "2.22",
                        "min_bunch_amount": 1.0,
                        "reference_format": "kg",
                        "increment_bunch_amount": 1.0
                    }
                },
                {
                    "id": "15320",
                    "limit": 1000,
                    "badges": {
                        "is_water": false,
                        "requires_age_check": false
                    },
                    "packaging": "Terrina",
                    "thumbnail": "https://prod-mercadona.imgix.net/20190521/20/15320/vlc1/15320_00_01.jpg?fit=crop&h=206&w=206",
                    "display_name": "Confitura de codony Hacendado",
                    "bunch_selector": false,
                    "price_instructions": {
                        "iva": 10,
                        "is_new": false,
                        "is_pack": false,
                        "pack_size": null,
                        "unit_name": null,
                        "unit_size": 0.4,
                        "bulk_price": "4.88",
                        "unit_price": "1.95",
                        "approx_size": false,
                        "size_format": "kg",
                        "total_units": null,
                        "unit_selector": true,
                        "bunch_selector": false,
                        "drained_weight": null,
                        "price_decreased": false,
                        "reference_price": "4.88",
                        "min_bunch_amount": 1.0,
                        "reference_format": "kg",
                        "increment_bunch_amount": 1.0
                    }
                },
                {
                    "id": "15323",
                    "limit": 1000,
                    "badges": {
                        "is_water": false,
                        "requires_age_check": false
                    },
                    "packaging": "Paquet-2",
                    "thumbnail": "https://prod-mercadona.imgix.net/20190521/23/15323/vlc1/15323_00_02.jpg?fit=crop&h=206&w=206",
                    "display_name": "Confitura de codony Hacendado sense sucres afegits",
                    "bunch_selector": false,
                    "price_instructions": {
                        "iva": 10,
                        "is_new": false,
                        "is_pack": true,
                        "pack_size": 0.2,
                        "unit_name": "terrines",
                        "unit_size": 0.4,
                        "bulk_price": "4.38",
                        "unit_price": "1.75",
                        "approx_size": false,
                        "size_format": "kg",
                        "total_units": 2,
                        "unit_selector": true,
                        "bunch_selector": false,
                        "drained_weight": null,
                        "price_decreased": false,
                        "reference_price": "4.38",
                        "min_bunch_amount": 1.0,
                        "reference_format": "kg",
                        "increment_bunch_amount": 1.0
                    }
                },
                {
                    "id": "15324",
                    "limit": 1000,
                    "badges": {
                        "is_water": false,
                        "requires_age_check": false
                    },
                    "packaging": "Terrina",
                    "thumbnail": "https://prod-mercadona.imgix.net/20190521/24/15324/vlc1/15324_00_07.jpg?fit=crop&h=206&w=206",
                    "display_name": "Confitura de fruites El membrillero",
                    "bunch_selector": false,
                    "price_instructions": {
                        "iva": 10,
                        "is_new": false,
                        "is_pack": false,
                        "pack_size": null,
                        "unit_name": null,
                        "unit_size": 0.4,
                        "bulk_price": "3.88",
                        "unit_price": "1.55",
                        "approx_size": false,
                        "size_format": "kg",
                        "total_units": null,
                        "unit_selector": true,
                        "bunch_selector": false,
                        "drained_weight": null,
                        "price_decreased": false,
                        "reference_price": "3.88",
                        "min_bunch_amount": 1.0,
                        "reference_format": "kg",
                        "increment_bunch_amount": 1.0
                    }
                },
                {
                    "id": "15251",
                    "limit": 1000,
                    "badges": {
                        "is_water": false,
                        "requires_age_check": false
                    },
                    "packaging": "Pot",
                    "thumbnail": "https://prod-mercadona.imgix.net/20190521/51/15251/vlc1/15251_00_02.jpg?fit=crop&h=206&w=206",
                    "display_name": "Pera, préssec, raïm, albercoc, i pinya en suc de raïm Hacendado",
                    "bunch_selector": false,
                    "price_instructions": {
                        "iva": 10,
                        "is_new": false,
                        "is_pack": false,
                        "pack_size": null,
                        "unit_name": null,
                        "unit_size": 0.82,
                        "bulk_price": "3.05",
                        "unit_price": "2.50",
                        "approx_size": false,
                        "size_format": "kg",
                        "total_units": null,
                        "unit_selector": true,
                        "bunch_selector": false,
                        "drained_weight": 0.48,
                        "price_decreased": false,
                        "reference_price": "5.21",
                        "min_bunch_amount": 1.0,
                        "reference_format": "kg",
                        "increment_bunch_amount": 1.0
                    }
                },
                {
                    "id": "16768",
                    "limit": 1000,
                    "badges": {
                        "is_water": false,
                        "requires_age_check": false
                    },
                    "packaging": "Pot",
                    "thumbnail": "https://prod-mercadona.imgix.net/20190521/68/16768/vlc1/16768_00_02.jpg?fit=crop&h=206&w=206",
                    "display_name": "Remolatxa en tires Hacendado",
                    "bunch_selector": false,
                    "price_instructions": {
                        "iva": 10,
                        "is_new": false,
                        "is_pack": false,
                        "pack_size": null,
                        "unit_name": null,
                        "unit_size": 0.4,
                        "bulk_price": "1.88",
                        "unit_price": "0.75",
                        "approx_size": false,
                        "size_format": "kg",
                        "total_units": null,
                        "unit_selector": true,
                        "bunch_selector": false,
                        "drained_weight": 0.25,
                        "price_decreased": false,
                        "reference_price": "3.00",
                        "min_bunch_amount": 1.0,
                        "reference_format": "kg",
                        "increment_bunch_amount": 1.0
                    }
                },
                {
                    "id": "16412",
                    "limit": 1000,
                    "badges": {
                        "is_water": false,
                        "requires_age_check": false
                    },
                    "packaging": "Pot",
                    "thumbnail": "https://prod-mercadona.imgix.net/20190521/12/16412/vlc1/16412_00_01.jpg?fit=crop&h=206&w=206",
                    "display_name": "Faves fregides Peña torcal mini baby extra",
                    "bunch_selector": false,
                    "price_instructions": {
                        "iva": 10,
                        "is_new": false,
                        "is_pack": false,
                        "pack_size": null,
                        "unit_name": null,
                        "unit_size": 0.235,
                        "bulk_price": "12.55",
                        "unit_price": "2.95",
                        "approx_size": false,
                        "size_format": "kg",
                        "total_units": null,
                        "unit_selector": true,
                        "bunch_selector": false,
                        "drained_weight": 0.15,
                        "price_decreased": false,
                        "reference_price": "19.67",
                        "min_bunch_amount": 1.0,
                        "reference_format": "kg",
                        "increment_bunch_amount": 1.0
                    }
                },
                {
                    "id": "16769",
                    "limit": 1000,
                    "badges": {
                        "is_water": false,
                        "requires_age_check": false
                    },
                    "packaging": "Pot",
                    "thumbnail": "https://prod-mercadona.imgix.net/20190521/69/16769/vlc1/16769_00_02.jpg?fit=crop&h=206&w=206",
                    "display_name": "Pastanaga a tires Hacendado",
                    "bunch_selector": false,
                    "price_instructions": {
                        "iva": 10,
                        "is_new": false,
                        "is_pack": false,
                        "pack_size": null,
                        "unit_name": null,
                        "unit_size": 0.4,
                        "bulk_price": "1.88",
                        "unit_price": "0.75",
                        "approx_size": false,
                        "size_format": "kg",
                        "total_units": null,
                        "unit_selector": true,
                        "bunch_selector": false,
                        "drained_weight": 0.25,
                        "price_decreased": false,
                        "reference_price": "3.00",
                        "min_bunch_amount": 1.0,
                        "reference_format": "kg",
                        "increment_bunch_amount": 1.0
                    }
                },
                {
                    "id": "16416",
                    "limit": 1000,
                    "badges": {
                        "is_water": false,
                        "requires_age_check": false
                    },
                    "packaging": "Pot",
                    "thumbnail": "https://prod-mercadona.imgix.net/20190521/16/16416/vlc1/16416_00_02.jpg?fit=crop&h=206&w=206",
                    "display_name": "Pèsols extra Hacendado",
                    "bunch_selector": false,
                    "price_instructions": {
                        "iva": 10,
                        "is_new": false,
                        "is_pack": false,
                        "pack_size": null,
                        "unit_name": null,
                        "unit_size": 0.39,
                        "bulk_price": "1.46",
                        "unit_price": "0.57",
                        "approx_size": false,
                        "size_format": "kg",
                        "total_units": null,
                        "unit_selector": true,
                        "bunch_selector": false,
                        "drained_weight": 0.25,
                        "price_decreased": false,
                        "reference_price": "2.28",
                        "min_bunch_amount": 1.0,
                        "reference_format": "kg",
                        "increment_bunch_amount": 1.0
                    }
                },
                {
                    "id": "16770",
                    "limit": 1000,
                    "badges": {
                        "is_water": false,
                        "requires_age_check": false
                    },
                    "packaging": "Pot",
                    "thumbnail": "https://prod-mercadona.imgix.net/20190521/70/16770/vlc1/16770_00_02.jpg?fit=crop&h=206&w=206",
                    "display_name": "Remolatxa a rodanxes Hacendado",
                    "bunch_selector": false,
                    "price_instructions": {
                        "iva": 10,
                        "is_new": false,
                        "is_pack": false,
                        "pack_size": null,
                        "unit_name": null,
                        "unit_size": 0.4,
                        "bulk_price": "2.38",
                        "unit_price": "0.95",
                        "approx_size": false,
                        "size_format": "kg",
                        "total_units": null,
                        "unit_selector": true,
                        "bunch_selector": false,
                        "drained_weight": 0.25,
                        "price_decreased": false,
                        "reference_price": "3.80",
                        "min_bunch_amount": 1.0,
                        "reference_format": "kg",
                        "increment_bunch_amount": 1.0
                    }
                },
                {
                    "id": "16312",
                    "limit": 1000,
                    "badges": {
                        "is_water": false,
                        "requires_age_check": false
                    },
                    "packaging": "Pot",
                    "thumbnail": "https://prod-mercadona.imgix.net/20190521/12/16312/vlc1/16312_00_02.jpg?fit=crop&h=206&w=206",
                    "display_name": "Bledes al natural trossejades Mis delicias",
                    "bunch_selector": false,
                    "price_instructions": {
                        "iva": 10,
                        "is_new": false,
                        "is_pack": false,
                        "pack_size": null,
                        "unit_name": null,
                        "unit_size": 0.66,
                        "bulk_price": "1.59",
                        "unit_price": "1.05",
                        "approx_size": false,
                        "size_format": "kg",
                        "total_units": null,
                        "unit_selector": true,
                        "bunch_selector": false,
                        "drained_weight": 0.425,
                        "price_decreased": false,
                        "reference_price": "2.47",
                        "min_bunch_amount": 1.0,
                        "reference_format": "kg",
                        "increment_bunch_amount": 1.0
                    }
                },
                {
                    "id": "16514",
                    "limit": 1000,
                    "badges": {
                        "is_water": false,
                        "requires_age_check": false
                    },
                    "packaging": "Pot",
                    "thumbnail": "https://prod-mercadona.imgix.net/20190521/14/16514/vlc1/16514_00_02.jpg?fit=crop&h=206&w=206",
                    "display_name": "Puntes d'espàrrecs Hacendado en vinagre extra",
                    "bunch_selector": false,
                    "price_instructions": {
                        "iva": 10,
                        "is_new": false,
                        "is_pack": false,
                        "pack_size": null,
                        "unit_name": null,
                        "unit_size": 0.2,
                        "bulk_price": "8.00",
                        "unit_price": "1.60",
                        "approx_size": false,
                        "size_format": "kg",
                        "total_units": null,
                        "unit_selector": true,
                        "bunch_selector": false,
                        "drained_weight": 0.11,
                        "price_decreased": false,
                        "reference_price": "14.54",
                        "min_bunch_amount": 1.0,
                        "reference_format": "kg",
                        "increment_bunch_amount": 1.0
                    }
                },
                {
                    "id": "16404",
                    "limit": 1000,
                    "badges": {
                        "is_water": false,
                        "requires_age_check": false
                    },
                    "packaging": "Paquet-3",
                    "thumbnail": "https://prod-mercadona.imgix.net/20190521/04/16404/vlc1/16404_00_02.jpg?fit=crop&h=206&w=206",
                    "display_name": "Pèsols extra Hacendado",
                    "bunch_selector": false,
                    "price_instructions": {
                        "iva": 10,
                        "is_new": false,
                        "is_pack": true,
                        "pack_size": 0.12,
                        "unit_name": "llaunes",
                        "unit_size": 0.555,
                        "bulk_price": "2.34",
                        "unit_price": "1.30",
                        "approx_size": false,
                        "size_format": "kg",
                        "total_units": 3,
                        "unit_selector": true,
                        "bunch_selector": false,
                        "drained_weight": 0.36,
                        "price_decreased": false,
                        "reference_price": "3.61",
                        "min_bunch_amount": 1.0,
                        "reference_format": "kg",
                        "increment_bunch_amount": 1.0
                    }
                },
                {
                    "id": "16307",
                    "limit": 1000,
                    "badges": {
                        "is_water": false,
                        "requires_age_check": false
                    },
                    "packaging": "Pot",
                    "thumbnail": "https://prod-mercadona.imgix.net/20190521/07/16307/vlc1/16307_00_02.jpg?fit=crop&h=206&w=206",
                    "display_name": "Mongetes tendres planes Ybarra",
                    "bunch_selector": false,
                    "price_instructions": {
                        "iva": 10,
                        "is_new": false,
                        "is_pack": false,
                        "pack_size": null,
                        "unit_name": null,
                        "unit_size": 0.66,
                        "bulk_price": "1.29",
                        "unit_price": "0.85",
                        "approx_size": false,
                        "size_format": "kg",
                        "total_units": null,
                        "unit_selector": true,
                        "bunch_selector": false,
                        "drained_weight": 0.36,
                        "price_decreased": false,
                        "reference_price": "2.36",
                        "min_bunch_amount": 1.0,
                        "reference_format": "kg",
                        "increment_bunch_amount": 1.0
                    }
                },
                {
                    "id": "16226",
                    "limit": 1000,
                    "badges": {
                        "is_water": false,
                        "requires_age_check": false
                    },
                    "packaging": "Pot",
                    "thumbnail": "https://prod-mercadona.imgix.net/20190521/26/16226/vlc1/16226_00_02.jpg?fit=crop&h=206&w=206",
                    "display_name": "Patata i ceba fregida amb oli d'oliva",
                    "bunch_selector": false,
                    "price_instructions": {
                        "iva": 10,
                        "is_new": false,
                        "is_pack": false,
                        "pack_size": null,
                        "unit_name": null,
                        "unit_size": 0.535,
                        "bulk_price": "3.93",
                        "unit_price": "2.10",
                        "approx_size": false,
                        "size_format": "kg",
                        "total_units": null,
                        "unit_selector": true,
                        "bunch_selector": false,
                        "drained_weight": null,
                        "price_decreased": false,
                        "reference_price": "3.92",
                        "min_bunch_amount": 0.0,
                        "reference_format": "kg",
                        "increment_bunch_amount": 0.0
                    }
                },
                {
                    "id": "16714",
                    "limit": 1000,
                    "badges": {
                        "is_water": false,
                        "requires_age_check": false
                    },
                    "packaging": "Paquet-3",
                    "thumbnail": "https://prod-mercadona.imgix.net/20190521/14/16714/vlc1/16714_00_02.jpg?fit=crop&h=206&w=206",
                    "display_name": "Blat de moro dolç Hacendado",
                    "bunch_selector": false,
                    "price_instructions": {
                        "iva": 10,
                        "is_new": false,
                        "is_pack": true,
                        "pack_size": 0.07,
                        "unit_name": "llaunes",
                        "unit_size": 0.225,
                        "bulk_price": "4.22",
                        "unit_price": "0.95",
                        "approx_size": false,
                        "size_format": "kg",
                        "total_units": 3,
                        "unit_selector": true,
                        "bunch_selector": false,
                        "drained_weight": 0.21,
                        "price_decreased": false,
                        "reference_price": "4.52",
                        "min_bunch_amount": 1.0,
                        "reference_format": "kg",
                        "increment_bunch_amount": 1.0
                    }
                },
                {
                    "id": "18562",
                    "limit": 1000,
                    "badges": {
                        "is_water": false,
                        "requires_age_check": false
                    },
                    "packaging": "Pot",
                    "thumbnail": "https://prod-mercadona.imgix.net/20190521/62/18562/vlc1/18562_00_02.jpg?fit=crop&h=206&w=206",
                    "display_name": "Espàrrecs mitjans Hacendado",
                    "bunch_selector": false,
                    "price_instructions": {
                        "iva": 10,
                        "is_new": false,
                        "is_pack": false,
                        "pack_size": null,
                        "unit_name": null,
                        "unit_size": 0.345,
                        "bulk_price": "4.06",
                        "unit_price": "1.40",
                        "approx_size": false,
                        "size_format": "kg",
                        "total_units": null,
                        "unit_selector": true,
                        "bunch_selector": false,
                        "drained_weight": 0.205,
                        "price_decreased": false,
                        "reference_price": "6.83",
                        "min_bunch_amount": 1.0,
                        "reference_format": "kg",
                        "increment_bunch_amount": 1.0
                    }
                },
                {
                    "id": "16519",
                    "limit": 1000,
                    "badges": {
                        "is_water": false,
                        "requires_age_check": false
                    },
                    "packaging": "Pot",
                    "thumbnail": "https://prod-mercadona.imgix.net/20190521/19/16519/vlc1/16519_00_02.jpg?fit=crop&h=206&w=206",
                    "display_name": "Espàrrecs prims Hacendado",
                    "bunch_selector": false,
                    "price_instructions": {
                        "iva": 10,
                        "is_new": false,
                        "is_pack": false,
                        "pack_size": null,
                        "unit_name": null,
                        "unit_size": 0.2,
                        "bulk_price": "5.95",
                        "unit_price": "1.19",
                        "approx_size": false,
                        "size_format": "kg",
                        "total_units": null,
                        "unit_selector": true,
                        "bunch_selector": false,
                        "drained_weight": 0.11,
                        "price_decreased": false,
                        "reference_price": "10.82",
                        "min_bunch_amount": 1.0,
                        "reference_format": "kg",
                        "increment_bunch_amount": 1.0
                    }
                },
                {
                    "id": "16561",
                    "limit": 1000,
                    "badges": {
                        "is_water": false,
                        "requires_age_check": false
                    },
                    "packaging": "Pot",
                    "thumbnail": "https://prod-mercadona.imgix.net/20190521/61/16561/vlc1/16561_00_02.jpg?fit=crop&h=206&w=206",
                    "display_name": "Espàrrecs molt gruixuts Hacendado",
                    "bunch_selector": false,
                    "price_instructions": {
                        "iva": 10,
                        "is_new": false,
                        "is_pack": false,
                        "pack_size": null,
                        "unit_name": null,
                        "unit_size": 0.54,
                        "bulk_price": "4.69",
                        "unit_price": "2.53",
                        "approx_size": false,
                        "size_format": "kg",
                        "total_units": null,
                        "unit_selector": true,
                        "bunch_selector": false,
                        "drained_weight": 0.325,
                        "price_decreased": false,
                        "reference_price": "7.78",
                        "min_bunch_amount": 1.0,
                        "reference_format": "kg",
                        "increment_bunch_amount": 1.0
                    }
                },
                {
                    "id": "16618",
                    "limit": 1000,
                    "badges": {
                        "is_water": false,
                        "requires_age_check": false
                    },
                    "packaging": "Pot",
                    "thumbnail": "https://prod-mercadona.imgix.net/20190521/18/16618/vlc1/16618_00_02.jpg?fit=crop&h=206&w=206",
                    "display_name": "Xampinyó laminat Hacendado",
                    "bunch_selector": false,
                    "price_instructions": {
                        "iva": 10,
                        "is_new": false,
                        "is_pack": false,
                        "pack_size": null,
                        "unit_name": null,
                        "unit_size": 0.355,
                        "bulk_price": "2.23",
                        "unit_price": "0.79",
                        "approx_size": false,
                        "size_format": "kg",
                        "total_units": null,
                        "unit_selector": true,
                        "bunch_selector": false,
                        "drained_weight": 0.18,
                        "price_decreased": false,
                        "reference_price": "4.39",
                        "min_bunch_amount": 1.0,
                        "reference_format": "kg",
                        "increment_bunch_amount": 1.0
                    }
                },
                {
                    "id": "16616",
                    "limit": 1000,
                    "badges": {
                        "is_water": false,
                        "requires_age_check": false
                    },
                    "packaging": "Paquet-3",
                    "thumbnail": "https://prod-mercadona.imgix.net/20190521/16/16616/vlc1/16616_00_02.jpg?fit=crop&h=206&w=206",
                    "display_name": "Xampinyó laminat Hacendado",
                    "bunch_selector": false,
                    "price_instructions": {
                        "iva": 10,
                        "is_new": false,
                        "is_pack": true,
                        "pack_size": 0.085,
                        "unit_name": "llaunes",
                        "unit_size": 0.45,
                        "bulk_price": "3.11",
                        "unit_price": "1.40",
                        "approx_size": false,
                        "size_format": "kg",
                        "total_units": 3,
                        "unit_selector": true,
                        "bunch_selector": false,
                        "drained_weight": 0.255,
                        "price_decreased": false,
                        "reference_price": "5.49",
                        "min_bunch_amount": 1.0,
                        "reference_format": "kg",
                        "increment_bunch_amount": 1.0
                    }
                },
                {
                    "id": "16625",
                    "limit": 1000,
                    "badges": {
                        "is_water": false,
                        "requires_age_check": false
                    },
                    "packaging": "Pot",
                    "thumbnail": "https://prod-mercadona.imgix.net/20190521/25/16625/vlc1/16625_00_02.jpg?fit=crop&h=206&w=206",
                    "display_name": "Xampinyó sencer Hacendado",
                    "bunch_selector": false,
                    "price_instructions": {
                        "iva": 10,
                        "is_new": false,
                        "is_pack": false,
                        "pack_size": null,
                        "unit_name": null,
                        "unit_size": 0.355,
                        "bulk_price": "2.62",
                        "unit_price": "0.93",
                        "approx_size": false,
                        "size_format": "kg",
                        "total_units": null,
                        "unit_selector": true,
                        "bunch_selector": false,
                        "drained_weight": 0.18,
                        "price_decreased": false,
                        "reference_price": "5.17",
                        "min_bunch_amount": 1.0,
                        "reference_format": "kg",
                        "increment_bunch_amount": 1.0
                    }
                },
                {
                    "id": "16103",
                    "limit": 1000,
                    "badges": {
                        "is_water": false,
                        "requires_age_check": false
                    },
                    "packaging": "Safata",
                    "thumbnail": "https://prod-mercadona.imgix.net/20190521/03/16103/vlc1/16103_00_02.jpg?fit=crop&h=206&w=206",
                    "display_name": "Pebrots escalivats a tires Hacendado",
                    "bunch_selector": false,
                    "price_instructions": {
                        "iva": 10,
                        "is_new": false,
                        "is_pack": false,
                        "pack_size": null,
                        "unit_name": null,
                        "unit_size": 0.29,
                        "bulk_price": "6.83",
                        "unit_price": "1.98",
                        "approx_size": false,
                        "size_format": "kg",
                        "total_units": null,
                        "unit_selector": true,
                        "bunch_selector": false,
                        "drained_weight": null,
                        "price_decreased": false,
                        "reference_price": "6.83",
                        "min_bunch_amount": 1.0,
                        "reference_format": "kg",
                        "increment_bunch_amount": 1.0
                    }
                },
                {
                    "id": "16207",
                    "limit": 1000,
                    "badges": {
                        "is_water": false,
                        "requires_age_check": false
                    },
                    "packaging": "Pot",
                    "thumbnail": "https://prod-mercadona.imgix.net/20190521/07/16207/vlc1/16207_00_02.jpg?fit=crop&h=206&w=206",
                    "display_name": "Cors de carxofa Cidacos",
                    "bunch_selector": false,
                    "price_instructions": {
                        "iva": 10,
                        "is_new": false,
                        "is_pack": false,
                        "pack_size": null,
                        "unit_name": null,
                        "unit_size": 0.39,
                        "bulk_price": "3.82",
                        "unit_price": "1.49",
                        "approx_size": false,
                        "size_format": "kg",
                        "total_units": null,
                        "unit_selector": true,
                        "bunch_selector": false,
                        "drained_weight": 0.24,
                        "price_decreased": false,
                        "reference_price": "6.21",
                        "min_bunch_amount": 1.0,
                        "reference_format": "kg",
                        "increment_bunch_amount": 1.0
                    }
                },
                {
                    "id": "16209",
                    "limit": 1000,
                    "badges": {
                        "is_water": false,
                        "requires_age_check": false
                    },
                    "packaging": "Pot",
                    "thumbnail": "https://prod-mercadona.imgix.net/20190521/09/16209/vlc1/16209_00_02.jpg?fit=crop&h=206&w=206",
                    "display_name": "Cors de carxofa Cidacos",
                    "bunch_selector": false,
                    "price_instructions": {
                        "iva": 10,
                        "is_new": false,
                        "is_pack": false,
                        "pack_size": null,
                        "unit_name": null,
                        "unit_size": 0.29,
                        "bulk_price": "6.21",
                        "unit_price": "1.80",
                        "approx_size": false,
                        "size_format": "kg",
                        "total_units": null,
                        "unit_selector": true,
                        "bunch_selector": false,
                        "drained_weight": 0.175,
                        "price_decreased": false,
                        "reference_price": "10.29",
                        "min_bunch_amount": 1.0,
                        "reference_format": "kg",
                        "increment_bunch_amount": 1.0
                    }
                },
                {
                    "id": "16205",
                    "limit": 1000,
                    "badges": {
                        "is_water": false,
                        "requires_age_check": false
                    },
                    "packaging": "Pot",
                    "thumbnail": "https://prod-mercadona.imgix.net/20190521/05/16205/vlc1/16205_00_02.jpg?fit=crop&h=206&w=206",
                    "display_name": "Cors de carxofa Cidacos",
                    "bunch_selector": false,
                    "price_instructions": {
                        "iva": 10,
                        "is_new": false,
                        "is_pack": false,
                        "pack_size": null,
                        "unit_name": null,
                        "unit_size": 0.535,
                        "bulk_price": "4.11",
                        "unit_price": "2.20",
                        "approx_size": false,
                        "size_format": "kg",
                        "total_units": null,
                        "unit_selector": true,
                        "bunch_selector": false,
                        "drained_weight": 0.33,
                        "price_decreased": false,
                        "reference_price": "6.67",
                        "min_bunch_amount": 1.0,
                        "reference_format": "kg",
                        "increment_bunch_amount": 1.0
                    }
                },
                {
                    "id": "16216",
                    "limit": 1000,
                    "badges": {
                        "is_water": false,
                        "requires_age_check": false
                    },
                    "packaging": "Safata",
                    "thumbnail": "https://prod-mercadona.imgix.net/20190521/16/16216/vlc1/16216_00_07.jpg?fit=crop&h=206&w=206",
                    "display_name": "Carxofes cors en meitats Hacendado",
                    "bunch_selector": false,
                    "price_instructions": {
                        "iva": 10,
                        "is_new": false,
                        "is_pack": false,
                        "pack_size": null,
                        "unit_name": null,
                        "unit_size": 0.25,
                        "bulk_price": "8.80",
                        "unit_price": "2.20",
                        "approx_size": false,
                        "size_format": "kg",
                        "total_units": null,
                        "unit_selector": true,
                        "bunch_selector": false,
                        "drained_weight": null,
                        "price_decreased": false,
                        "reference_price": "8.80",
                        "min_bunch_amount": 1.0,
                        "reference_format": "kg",
                        "increment_bunch_amount": 1.0
                    }
                },
                {
                    "id": "16733",
                    "limit": 1000,
                    "badges": {
                        "is_water": false,
                        "requires_age_check": false
                    },
                    "packaging": "Safata",
                    "thumbnail": "https://prod-mercadona.imgix.net/20190521/33/16733/vlc1/16733_00_02.jpg?fit=crop&h=206&w=206",
                    "display_name": "Escalivada Hacendado",
                    "bunch_selector": false,
                    "price_instructions": {
                        "iva": 10,
                        "is_new": false,
                        "is_pack": false,
                        "pack_size": null,
                        "unit_name": null,
                        "unit_size": 0.29,
                        "bulk_price": "6.86",
                        "unit_price": "1.99",
                        "approx_size": false,
                        "size_format": "kg",
                        "total_units": null,
                        "unit_selector": true,
                        "bunch_selector": false,
                        "drained_weight": null,
                        "price_decreased": false,
                        "reference_price": "6.86",
                        "min_bunch_amount": 1.0,
                        "reference_format": "kg",
                        "increment_bunch_amount": 1.0
                    }
                },
                {
                    "id": "80161",
                    "limit": 1000,
                    "badges": {
                        "is_water": false,
                        "requires_age_check": false
                    },
                    "packaging": "Safata",
                    "thumbnail": "https://prod-mercadona.imgix.net/20190521/61/80161/vlc1/80161_00_02.jpg?fit=crop&h=206&w=206",
                    "display_name": "Amanida de bacallà i pebrots escalivats Ubago estil esgarraet",
                    "bunch_selector": false,
                    "price_instructions": {
                        "iva": 10,
                        "is_new": false,
                        "is_pack": false,
                        "pack_size": null,
                        "unit_name": null,
                        "unit_size": 0.14,
                        "bulk_price": "13.93",
                        "unit_price": "1.95",
                        "approx_size": false,
                        "size_format": "kg",
                        "total_units": null,
                        "unit_selector": true,
                        "bunch_selector": false,
                        "drained_weight": 0.12,
                        "price_decreased": false,
                        "reference_price": "16.25",
                        "min_bunch_amount": 1.0,
                        "reference_format": "kg",
                        "increment_bunch_amount": 1.0
                    }
                },
                {
                    "id": "16711",
                    "limit": 1000,
                    "badges": {
                        "is_water": false,
                        "requires_age_check": false
                    },
                    "packaging": "Pot",
                    "thumbnail": "https://prod-mercadona.imgix.net/20190521/11/16711/vlc1/16711_00_02.jpg?fit=crop&h=206&w=206",
                    "display_name": "Margalló al natural sencer Hacendado",
                    "bunch_selector": false,
                    "price_instructions": {
                        "iva": 10,
                        "is_new": false,
                        "is_pack": false,
                        "pack_size": null,
                        "unit_name": null,
                        "unit_size": 0.41,
                        "bulk_price": "5.49",
                        "unit_price": "2.25",
                        "approx_size": false,
                        "size_format": "kg",
                        "total_units": null,
                        "unit_selector": true,
                        "bunch_selector": false,
                        "drained_weight": 0.25,
                        "price_decreased": false,
                        "reference_price": "9.00",
                        "min_bunch_amount": 1.0,
                        "reference_format": "kg",
                        "increment_bunch_amount": 1.0
                    }
                },
                {
                    "id": "16117",
                    "limit": 1000,
                    "badges": {
                        "is_water": false,
                        "requires_age_check": false
                    },
                    "packaging": "Pot",
                    "thumbnail": "https://prod-mercadona.imgix.net/20190521/17/16117/vlc1/16117_00_02.jpg?fit=crop&h=206&w=206",
                    "display_name": "Pebrots en tires condimentats Hacendado",
                    "bunch_selector": false,
                    "price_instructions": {
                        "iva": 10,
                        "is_new": false,
                        "is_pack": false,
                        "pack_size": null,
                        "unit_name": null,
                        "unit_size": 0.29,
                        "bulk_price": "3.38",
                        "unit_price": "0.98",
                        "approx_size": false,
                        "size_format": "kg",
                        "total_units": null,
                        "unit_selector": true,
                        "bunch_selector": false,
                        "drained_weight": 0.22,
                        "price_decreased": false,
                        "reference_price": "4.46",
                        "min_bunch_amount": 1.0,
                        "reference_format": "kg",
                        "increment_bunch_amount": 1.0
                    }
                },
                {
                    "id": "16507",
                    "limit": 1000,
                    "badges": {
                        "is_water": false,
                        "requires_age_check": false
                    },
                    "packaging": "Pot",
                    "thumbnail": "https://prod-mercadona.imgix.net/20190521/07/16507/vlc1/16507_00_02.jpg?fit=crop&h=206&w=206",
                    "display_name": "Puntes d'espàrrecs Hacendado blancs molt gruixuts",
                    "bunch_selector": false,
                    "price_instructions": {
                        "iva": 10,
                        "is_new": false,
                        "is_pack": false,
                        "pack_size": null,
                        "unit_name": null,
                        "unit_size": 0.345,
                        "bulk_price": "8.12",
                        "unit_price": "2.80",
                        "approx_size": false,
                        "size_format": "kg",
                        "total_units": null,
                        "unit_selector": true,
                        "bunch_selector": false,
                        "drained_weight": 0.205,
                        "price_decreased": false,
                        "reference_price": "13.66",
                        "min_bunch_amount": 1.0,
                        "reference_format": "kg",
                        "increment_bunch_amount": 1.0
                    }
                },
                {
                    "id": "18511",
                    "limit": 1000,
                    "badges": {
                        "is_water": false,
                        "requires_age_check": false
                    },
                    "packaging": "Pot",
                    "thumbnail": "https://prod-mercadona.imgix.net/20190521/11/18511/vlc1/18511_00_02.jpg?fit=crop&h=206&w=206",
                    "display_name": "Tiges d'espàrrecs Hacendado",
                    "bunch_selector": false,
                    "price_instructions": {
                        "iva": 10,
                        "is_new": false,
                        "is_pack": false,
                        "pack_size": null,
                        "unit_name": null,
                        "unit_size": 0.39,
                        "bulk_price": "3.21",
                        "unit_price": "1.25",
                        "approx_size": false,
                        "size_format": "kg",
                        "total_units": null,
                        "unit_selector": true,
                        "bunch_selector": false,
                        "drained_weight": 0.25,
                        "price_decreased": false,
                        "reference_price": "5.00",
                        "min_bunch_amount": 1.0,
                        "reference_format": "kg",
                        "increment_bunch_amount": 1.0
                    }
                },
                {
                    "id": "16607",
                    "limit": 1000,
                    "badges": {
                        "is_water": false,
                        "requires_age_check": false
                    },
                    "packaging": "Pot",
                    "thumbnail": "https://prod-mercadona.imgix.net/20190521/07/16607/vlc1/16607_00_02.jpg?fit=crop&h=206&w=206",
                    "display_name": "Rovellons primera Hacendado",
                    "bunch_selector": false,
                    "price_instructions": {
                        "iva": 10,
                        "is_new": false,
                        "is_pack": false,
                        "pack_size": null,
                        "unit_name": null,
                        "unit_size": 0.35,
                        "bulk_price": "4.29",
                        "unit_price": "1.50",
                        "approx_size": false,
                        "size_format": "kg",
                        "total_units": null,
                        "unit_selector": true,
                        "bunch_selector": false,
                        "drained_weight": 0.175,
                        "price_decreased": false,
                        "reference_price": "8.57",
                        "min_bunch_amount": 1.0,
                        "reference_format": "kg",
                        "increment_bunch_amount": 1.0
                    }
                },
                {
                    "id": "16746",
                    "limit": 1000,
                    "badges": {
                        "is_water": false,
                        "requires_age_check": false
                    },
                    "packaging": "Pot",
                    "thumbnail": "https://prod-mercadona.imgix.net/20190521/46/16746/vlc1/16746_00_02.jpg?fit=crop&h=206&w=206",
                    "display_name": "Margalló al natural sencer Hacendado",
                    "bunch_selector": false,
                    "price_instructions": {
                        "iva": 10,
                        "is_new": false,
                        "is_pack": false,
                        "pack_size": null,
                        "unit_name": null,
                        "unit_size": 0.209,
                        "bulk_price": "6.94",
                        "unit_price": "1.45",
                        "approx_size": false,
                        "size_format": "kg",
                        "total_units": null,
                        "unit_selector": true,
                        "bunch_selector": false,
                        "drained_weight": 0.1,
                        "price_decreased": false,
                        "reference_price": "14.50",
                        "min_bunch_amount": 1.0,
                        "reference_format": "kg",
                        "increment_bunch_amount": 1.0
                    }
                },
                {
                    "id": "16106",
                    "limit": 1000,
                    "badges": {
                        "is_water": false,
                        "requires_age_check": false
                    },
                    "packaging": "Paquet-2",
                    "thumbnail": "https://prod-mercadona.imgix.net/20190521/06/16106/vlc1/16106_00_07.jpg?fit=crop&h=206&w=206",
                    "display_name": "Amanida de pebrots del piquillo Cidacos",
                    "bunch_selector": false,
                    "price_instructions": {
                        "iva": 10,
                        "is_new": false,
                        "is_pack": true,
                        "pack_size": 0.18,
                        "unit_name": "llaunes",
                        "unit_size": 0.4,
                        "bulk_price": "4.50",
                        "unit_price": "1.80",
                        "approx_size": false,
                        "size_format": "kg",
                        "total_units": 2,
                        "unit_selector": true,
                        "bunch_selector": false,
                        "drained_weight": 0.36,
                        "price_decreased": false,
                        "reference_price": "5.00",
                        "min_bunch_amount": 1.0,
                        "reference_format": "kg",
                        "increment_bunch_amount": 1.0
                    }
                },
                {
                    "id": "16510",
                    "limit": 1000,
                    "badges": {
                        "is_water": false,
                        "requires_age_check": false
                    },
                    "packaging": "Pot",
                    "thumbnail": "https://prod-mercadona.imgix.net/20190521/10/16510/vlc1/16510_00_02.jpg?fit=crop&h=206&w=206",
                    "display_name": "Espàrrecs prims verds sencers Hacendado",
                    "bunch_selector": false,
                    "price_instructions": {
                        "iva": 10,
                        "is_new": false,
                        "is_pack": false,
                        "pack_size": null,
                        "unit_name": null,
                        "unit_size": 0.23,
                        "bulk_price": "6.30",
                        "unit_price": "1.45",
                        "approx_size": false,
                        "size_format": "kg",
                        "total_units": null,
                        "unit_selector": true,
                        "bunch_selector": false,
                        "drained_weight": 0.125,
                        "price_decreased": false,
                        "reference_price": "11.60",
                        "min_bunch_amount": 1.0,
                        "reference_format": "kg",
                        "increment_bunch_amount": 1.0
                    }
                },
                {
                    "id": "16603",
                    "limit": 1000,
                    "badges": {
                        "is_water": false,
                        "requires_age_check": false
                    },
                    "packaging": "Pot",
                    "thumbnail": "https://prod-mercadona.imgix.net/20190521/03/16603/vlc1/16603_00_02.jpg?fit=crop&h=206&w=206",
                    "display_name": "Bolets variats primera Hacendado",
                    "bunch_selector": false,
                    "price_instructions": {
                        "iva": 10,
                        "is_new": false,
                        "is_pack": false,
                        "pack_size": null,
                        "unit_name": null,
                        "unit_size": 0.29,
                        "bulk_price": "4.31",
                        "unit_price": "1.25",
                        "approx_size": false,
                        "size_format": "kg",
                        "total_units": null,
                        "unit_selector": true,
                        "bunch_selector": false,
                        "drained_weight": 0.175,
                        "price_decreased": false,
                        "reference_price": "7.14",
                        "min_bunch_amount": 1.0,
                        "reference_format": "kg",
                        "increment_bunch_amount": 1.0
                    }
                },
                {
                    "id": "16503",
                    "limit": 1000,
                    "badges": {
                        "is_water": false,
                        "requires_age_check": false
                    },
                    "packaging": "Paquet-2",
                    "thumbnail": "https://prod-mercadona.imgix.net/20190521/03/16503/vlc1/16503_00_02.jpg?fit=crop&h=206&w=206",
                    "display_name": "Puntes d'espàrrecs Hacendado",
                    "bunch_selector": false,
                    "price_instructions": {
                        "iva": 10,
                        "is_new": false,
                        "is_pack": true,
                        "pack_size": 0.1,
                        "unit_name": "llaunes",
                        "unit_size": 0.31,
                        "bulk_price": "7.58",
                        "unit_price": "2.35",
                        "approx_size": false,
                        "size_format": "kg",
                        "total_units": 2,
                        "unit_selector": true,
                        "bunch_selector": false,
                        "drained_weight": 0.2,
                        "price_decreased": false,
                        "reference_price": "11.75",
                        "min_bunch_amount": 1.0,
                        "reference_format": "kg",
                        "increment_bunch_amount": 1.0
                    }
                },
                {
                    "id": "16127",
                    "limit": 1000,
                    "badges": {
                        "is_water": false,
                        "requires_age_check": false
                    },
                    "packaging": "Pot",
                    "thumbnail": "https://prod-mercadona.imgix.net/20190521/27/16127/vlc1/16127_00_02.jpg?fit=crop&h=206&w=206",
                    "display_name": "Pebrots del piquillo a tires condimentats Cidacos",
                    "bunch_selector": false,
                    "price_instructions": {
                        "iva": 10,
                        "is_new": false,
                        "is_pack": false,
                        "pack_size": null,
                        "unit_name": null,
                        "unit_size": 0.29,
                        "bulk_price": "3.86",
                        "unit_price": "1.12",
                        "approx_size": false,
                        "size_format": "kg",
                        "total_units": null,
                        "unit_selector": true,
                        "bunch_selector": false,
                        "drained_weight": 0.235,
                        "price_decreased": false,
                        "reference_price": "4.77",
                        "min_bunch_amount": 1.0,
                        "reference_format": "kg",
                        "increment_bunch_amount": 1.0
                    }
                },
                {
                    "id": "16757",
                    "limit": 1000,
                    "badges": {
                        "is_water": false,
                        "requires_age_check": false
                    },
                    "packaging": "Pot",
                    "thumbnail": "https://prod-mercadona.imgix.net/20190521/57/16757/vlc1/16757_00_02.jpg?fit=crop&h=206&w=206",
                    "display_name": "Panotxetes de blat de moro agredolç Hacendado",
                    "bunch_selector": false,
                    "price_instructions": {
                        "iva": 10,
                        "is_new": false,
                        "is_pack": false,
                        "pack_size": null,
                        "unit_name": null,
                        "unit_size": 0.35,
                        "bulk_price": "4.86",
                        "unit_price": "1.70",
                        "approx_size": false,
                        "size_format": "kg",
                        "total_units": null,
                        "unit_selector": true,
                        "bunch_selector": false,
                        "drained_weight": 0.19,
                        "price_decreased": false,
                        "reference_price": "8.95",
                        "min_bunch_amount": 1.0,
                        "reference_format": "kg",
                        "increment_bunch_amount": 1.0
                    }
                },
                {
                    "id": "16712",
                    "limit": 1000,
                    "badges": {
                        "is_water": false,
                        "requires_age_check": false
                    },
                    "packaging": "Paquet-3",
                    "thumbnail": "https://prod-mercadona.imgix.net/20190521/12/16712/vlc1/16712_00_02.jpg?fit=crop&h=206&w=206",
                    "display_name": "Blat de moro dolç Hacendado",
                    "bunch_selector": false,
                    "price_instructions": {
                        "iva": 10,
                        "is_new": false,
                        "is_pack": true,
                        "pack_size": 0.14,
                        "unit_name": "llaunes",
                        "unit_size": 0.45,
                        "bulk_price": "2.64",
                        "unit_price": "1.19",
                        "approx_size": false,
                        "size_format": "kg",
                        "total_units": 3,
                        "unit_selector": true,
                        "bunch_selector": false,
                        "drained_weight": 0.42,
                        "price_decreased": false,
                        "reference_price": "2.83",
                        "min_bunch_amount": 1.0,
                        "reference_format": "kg",
                        "increment_bunch_amount": 1.0
                    }
                },
                {
                    "id": "16511",
                    "limit": 1000,
                    "badges": {
                        "is_water": false,
                        "requires_age_check": false
                    },
                    "packaging": "Pot",
                    "thumbnail": "https://prod-mercadona.imgix.net/20190521/11/16511/vlc1/16511_00_02.jpg?fit=crop&h=206&w=206",
                    "display_name": "Espàrrecs prims extra Elagón",
                    "bunch_selector": false,
                    "price_instructions": {
                        "iva": 10,
                        "is_new": false,
                        "is_pack": false,
                        "pack_size": null,
                        "unit_name": null,
                        "unit_size": 0.2,
                        "bulk_price": "4.75",
                        "unit_price": "0.95",
                        "approx_size": false,
                        "size_format": "kg",
                        "total_units": null,
                        "unit_selector": true,
                        "bunch_selector": false,
                        "drained_weight": 0.11,
                        "price_decreased": false,
                        "reference_price": "8.64",
                        "min_bunch_amount": 1.0,
                        "reference_format": "kg",
                        "increment_bunch_amount": 1.0
                    }
                },
                {
                    "id": "80113",
                    "limit": 1000,
                    "badges": {
                        "is_water": false,
                        "requires_age_check": false
                    },
                    "packaging": "Pot",
                    "thumbnail": "https://prod-mercadona.imgix.net/20190521/13/80113/vlc1/80113_00_02.jpg?fit=crop&h=206&w=206",
                    "display_name": "Pebrot verd en salmorra Corbí",
                    "bunch_selector": false,
                    "price_instructions": {
                        "iva": 10,
                        "is_new": false,
                        "is_pack": false,
                        "pack_size": null,
                        "unit_name": null,
                        "unit_size": 0.92,
                        "bulk_price": "2.16",
                        "unit_price": "1.99",
                        "approx_size": false,
                        "size_format": "kg",
                        "total_units": null,
                        "unit_selector": true,
                        "bunch_selector": false,
                        "drained_weight": 0.425,
                        "price_decreased": false,
                        "reference_price": "4.68",
                        "min_bunch_amount": 1.0,
                        "reference_format": "kg",
                        "increment_bunch_amount": 1.0
                    }
                },
                {
                    "id": "16742",
                    "limit": 1000,
                    "badges": {
                        "is_water": false,
                        "requires_age_check": false
                    },
                    "packaging": "Pot",
                    "thumbnail": "https://prod-mercadona.imgix.net/20190521/42/16742/vlc1/16742_00_02.jpg?fit=crop&h=206&w=206",
                    "display_name": "Medallons de margalló al natural Corazón tierno",
                    "bunch_selector": false,
                    "price_instructions": {
                        "iva": 10,
                        "is_new": false,
                        "is_pack": false,
                        "pack_size": null,
                        "unit_name": null,
                        "unit_size": 0.41,
                        "bulk_price": "5.49",
                        "unit_price": "2.25",
                        "approx_size": false,
                        "size_format": "kg",
                        "total_units": null,
                        "unit_selector": true,
                        "bunch_selector": false,
                        "drained_weight": 0.25,
                        "price_decreased": false,
                        "reference_price": "9.00",
                        "min_bunch_amount": 1.0,
                        "reference_format": "kg",
                        "increment_bunch_amount": 1.0
                    }
                },
                {
                    "id": "16110",
                    "limit": 1000,
                    "badges": {
                        "is_water": false,
                        "requires_age_check": false
                    },
                    "packaging": "Pot",
                    "thumbnail": "https://prod-mercadona.imgix.net/20190521/10/16110/vlc1/16110_00_01.jpg?fit=crop&h=206&w=206",
                    "display_name": "Pebrots del piquillo sencers Cidacos extra",
                    "bunch_selector": false,
                    "price_instructions": {
                        "iva": 10,
                        "is_new": false,
                        "is_pack": false,
                        "pack_size": null,
                        "unit_name": null,
                        "unit_size": 0.34,
                        "bulk_price": "3.68",
                        "unit_price": "1.25",
                        "approx_size": false,
                        "size_format": "kg",
                        "total_units": null,
                        "unit_selector": true,
                        "bunch_selector": false,
                        "drained_weight": 0.275,
                        "price_decreased": false,
                        "reference_price": "4.54",
                        "min_bunch_amount": 1.0,
                        "reference_format": "kg",
                        "increment_bunch_amount": 1.0
                    }
                },
                {
                    "id": "16124",
                    "limit": 1000,
                    "badges": {
                        "is_water": false,
                        "requires_age_check": false
                    },
                    "packaging": "Paquet-3",
                    "thumbnail": "https://prod-mercadona.imgix.net/20190521/24/16124/vlc1/16124_00_07.jpg?fit=crop&h=206&w=206",
                    "display_name": "Pebrots vermells escalivats Hacendado a tires extra",
                    "bunch_selector": false,
                    "price_instructions": {
                        "iva": 10,
                        "is_new": false,
                        "is_pack": true,
                        "pack_size": 0.06,
                        "unit_name": "llaunes",
                        "unit_size": 0.24,
                        "bulk_price": "4.04",
                        "unit_price": "0.97",
                        "approx_size": false,
                        "size_format": "kg",
                        "total_units": 3,
                        "unit_selector": true,
                        "bunch_selector": false,
                        "drained_weight": 0.18,
                        "price_decreased": false,
                        "reference_price": "5.39",
                        "min_bunch_amount": 1.0,
                        "reference_format": "kg",
                        "increment_bunch_amount": 1.0
                    }
                },
                {
                    "id": "16306",
                    "limit": 1000,
                    "badges": {
                        "is_water": false,
                        "requires_age_check": false
                    },
                    "packaging": "Pot",
                    "thumbnail": "https://prod-mercadona.imgix.net/20190521/06/16306/vlc1/16306_00_02.jpg?fit=crop&h=206&w=206",
                    "display_name": "Mongetes tendres rodones Ybarra",
                    "bunch_selector": false,
                    "price_instructions": {
                        "iva": 10,
                        "is_new": false,
                        "is_pack": false,
                        "pack_size": null,
                        "unit_name": null,
                        "unit_size": 0.66,
                        "bulk_price": "1.36",
                        "unit_price": "0.90",
                        "approx_size": false,
                        "size_format": "kg",
                        "total_units": null,
                        "unit_selector": true,
                        "bunch_selector": false,
                        "drained_weight": 0.36,
                        "price_decreased": false,
                        "reference_price": "2.50",
                        "min_bunch_amount": 1.0,
                        "reference_format": "kg",
                        "increment_bunch_amount": 1.0
                    }
                },
                {
                    "id": "16749",
                    "limit": 1000,
                    "badges": {
                        "is_water": false,
                        "requires_age_check": false
                    },
                    "packaging": "Pot",
                    "thumbnail": "https://prod-mercadona.imgix.net/20190521/49/16749/vlc1/16749_00_02.jpg?fit=crop&h=206&w=206",
                    "display_name": "Api en tires Hacendado",
                    "bunch_selector": false,
                    "price_instructions": {
                        "iva": 10,
                        "is_new": false,
                        "is_pack": false,
                        "pack_size": null,
                        "unit_name": null,
                        "unit_size": 0.425,
                        "bulk_price": "1.76",
                        "unit_price": "0.75",
                        "approx_size": false,
                        "size_format": "kg",
                        "total_units": null,
                        "unit_selector": true,
                        "bunch_selector": false,
                        "drained_weight": 0.25,
                        "price_decreased": false,
                        "reference_price": "3.00",
                        "min_bunch_amount": 1.0,
                        "reference_format": "kg",
                        "increment_bunch_amount": 1.0
                    }
                },
                {
                    "id": "16761",
                    "limit": 1000,
                    "badges": {
                        "is_water": false,
                        "requires_age_check": false
                    },
                    "packaging": "Pot",
                    "thumbnail": "https://prod-mercadona.imgix.net/20190521/61/16761/vlc1/16761_00_02.jpg?fit=crop&h=206&w=206",
                    "display_name": "Ceba caramel·litzada Hacendado",
                    "bunch_selector": false,
                    "price_instructions": {
                        "iva": 10,
                        "is_new": false,
                        "is_pack": false,
                        "pack_size": null,
                        "unit_name": null,
                        "unit_size": 0.3,
                        "bulk_price": "4.67",
                        "unit_price": "1.40",
                        "approx_size": false,
                        "size_format": "kg",
                        "total_units": null,
                        "unit_selector": true,
                        "bunch_selector": false,
                        "drained_weight": null,
                        "price_decreased": false,
                        "reference_price": "4.67",
                        "min_bunch_amount": 1.0,
                        "reference_format": "kg",
                        "increment_bunch_amount": 1.0
                    }
                },
                {
                    "id": "16732",
                    "limit": 1000,
                    "badges": {
                        "is_water": false,
                        "requires_age_check": false
                    },
                    "packaging": "Paquet-3",
                    "thumbnail": "https://prod-mercadona.imgix.net/20190521/32/16732/vlc1/16732_00_02.jpg?fit=crop&h=206&w=206",
                    "display_name": "Ceba fregida Hacendado",
                    "bunch_selector": false,
                    "price_instructions": {
                        "iva": 10,
                        "is_new": false,
                        "is_pack": true,
                        "pack_size": 0.16,
                        "unit_name": "llaunes",
                        "unit_size": 0.48,
                        "bulk_price": "4.35",
                        "unit_price": "2.09",
                        "approx_size": false,
                        "size_format": "kg",
                        "total_units": 3,
                        "unit_selector": true,
                        "bunch_selector": false,
                        "drained_weight": null,
                        "price_decreased": false,
                        "reference_price": "4.35",
                        "min_bunch_amount": 1.0,
                        "reference_format": "kg",
                        "increment_bunch_amount": 1.0
                    }
                },
                {
                    "id": "16756",
                    "limit": 1000,
                    "badges": {
                        "is_water": false,
                        "requires_age_check": false
                    },
                    "packaging": "Pot",
                    "thumbnail": "https://prod-mercadona.imgix.net/20190521/56/16756/vlc1/16756_00_02.jpg?fit=crop&h=206&w=206",
                    "display_name": "Minestra amb oli Hacendado",
                    "bunch_selector": false,
                    "price_instructions": {
                        "iva": 10,
                        "is_new": false,
                        "is_pack": false,
                        "pack_size": null,
                        "unit_name": null,
                        "unit_size": 0.69,
                        "bulk_price": "3.19",
                        "unit_price": "2.20",
                        "approx_size": false,
                        "size_format": "kg",
                        "total_units": null,
                        "unit_selector": true,
                        "bunch_selector": false,
                        "drained_weight": null,
                        "price_decreased": false,
                        "reference_price": "3.19",
                        "min_bunch_amount": 1.0,
                        "reference_format": "kg",
                        "increment_bunch_amount": 1.0
                    }
                },
                {
                    "id": "16717",
                    "limit": 1000,
                    "badges": {
                        "is_water": false,
                        "requires_age_check": false
                    },
                    "packaging": "Pot",
                    "thumbnail": "https://prod-mercadona.imgix.net/20190521/17/16717/vlc1/16717_00_02.jpg?fit=crop&h=206&w=206",
                    "display_name": "Xucrut a l'estil bavarès Hengstenberg",
                    "bunch_selector": false,
                    "price_instructions": {
                        "iva": 10,
                        "is_new": false,
                        "is_pack": false,
                        "pack_size": null,
                        "unit_name": null,
                        "unit_size": 0.68,
                        "bulk_price": "2.38",
                        "unit_price": "1.62",
                        "approx_size": false,
                        "size_format": "kg",
                        "total_units": null,
                        "unit_selector": true,
                        "bunch_selector": false,
                        "drained_weight": 0.65,
                        "price_decreased": false,
                        "reference_price": "2.49",
                        "min_bunch_amount": 1.0,
                        "reference_format": "kg",
                        "increment_bunch_amount": 1.0
                    }
                },
                {
                    "id": "16406",
                    "limit": 1000,
                    "badges": {
                        "is_water": false,
                        "requires_age_check": false
                    },
                    "packaging": "Pot",
                    "thumbnail": "https://prod-mercadona.imgix.net/20190521/06/16406/vlc1/16406_00_02.jpg?fit=crop&h=206&w=206",
                    "display_name": "Card trossejat Cidacos",
                    "bunch_selector": false,
                    "price_instructions": {
                        "iva": 10,
                        "is_new": false,
                        "is_pack": false,
                        "pack_size": null,
                        "unit_name": null,
                        "unit_size": 0.66,
                        "bulk_price": "1.64",
                        "unit_price": "1.08",
                        "approx_size": false,
                        "size_format": "kg",
                        "total_units": null,
                        "unit_selector": true,
                        "bunch_selector": false,
                        "drained_weight": 0.4,
                        "price_decreased": false,
                        "reference_price": "2.70",
                        "min_bunch_amount": 1.0,
                        "reference_format": "kg",
                        "increment_bunch_amount": 1.0
                    }
                },
                {
                    "id": "15079",
                    "limit": 1000,
                    "badges": {
                        "is_water": false,
                        "requires_age_check": false
                    },
                    "packaging": "Pot",
                    "thumbnail": "https://prod-mercadona.imgix.net/20190521/79/15079/vlc1/15079_00_02.jpg?fit=crop&h=206&w=206",
                    "display_name": "Ceba confitada Chef Helios",
                    "bunch_selector": false,
                    "price_instructions": {
                        "iva": 10,
                        "is_new": false,
                        "is_pack": false,
                        "pack_size": null,
                        "unit_name": null,
                        "unit_size": 0.22,
                        "bulk_price": "4.77",
                        "unit_price": "1.05",
                        "approx_size": false,
                        "size_format": "kg",
                        "total_units": null,
                        "unit_selector": true,
                        "bunch_selector": false,
                        "drained_weight": null,
                        "price_decreased": false,
                        "reference_price": "4.77",
                        "min_bunch_amount": 1.0,
                        "reference_format": "kg",
                        "increment_bunch_amount": 1.0
                    }
                },
                {
                    "id": "16750",
                    "limit": 1000,
                    "badges": {
                        "is_water": false,
                        "requires_age_check": false
                    },
                    "packaging": "Pot",
                    "thumbnail": "https://prod-mercadona.imgix.net/20190521/50/16750/vlc1/16750_00_02.jpg?fit=crop&h=206&w=206",
                    "display_name": "Amanida xinesa Hacendado amb panotxetes",
                    "bunch_selector": false,
                    "price_instructions": {
                        "iva": 10,
                        "is_new": false,
                        "is_pack": false,
                        "pack_size": null,
                        "unit_name": null,
                        "unit_size": 0.425,
                        "bulk_price": "2.89",
                        "unit_price": "1.23",
                        "approx_size": false,
                        "size_format": "kg",
                        "total_units": null,
                        "unit_selector": true,
                        "bunch_selector": false,
                        "drained_weight": 0.25,
                        "price_decreased": false,
                        "reference_price": "4.92",
                        "min_bunch_amount": 1.0,
                        "reference_format": "kg",
                        "increment_bunch_amount": 1.0
                    }
                },
                {
                    "id": "16748",
                    "limit": 1000,
                    "badges": {
                        "is_water": false,
                        "requires_age_check": false
                    },
                    "packaging": "Pot",
                    "thumbnail": "https://prod-mercadona.imgix.net/20190521/48/16748/vlc1/16748_00_02.jpg?fit=crop&h=206&w=206",
                    "display_name": "Brots germinats Hacendado",
                    "bunch_selector": false,
                    "price_instructions": {
                        "iva": 10,
                        "is_new": false,
                        "is_pack": false,
                        "pack_size": null,
                        "unit_name": null,
                        "unit_size": 0.425,
                        "bulk_price": "2.78",
                        "unit_price": "1.18",
                        "approx_size": false,
                        "size_format": "kg",
                        "total_units": null,
                        "unit_selector": true,
                        "bunch_selector": false,
                        "drained_weight": 0.25,
                        "price_decreased": false,
                        "reference_price": "4.72",
                        "min_bunch_amount": 1.0,
                        "reference_format": "kg",
                        "increment_bunch_amount": 1.0
                    }
                },
                {
                    "id": "16308",
                    "limit": 1000,
                    "badges": {
                        "is_water": false,
                        "requires_age_check": false
                    },
                    "packaging": "Pot",
                    "thumbnail": "https://prod-mercadona.imgix.net/20190521/08/16308/vlc1/16308_00_02.jpg?fit=crop&h=206&w=206",
                    "display_name": "Patata sencera Ybarra",
                    "bunch_selector": false,
                    "price_instructions": {
                        "iva": 10,
                        "is_new": false,
                        "is_pack": false,
                        "pack_size": null,
                        "unit_name": null,
                        "unit_size": 0.66,
                        "bulk_price": "1.82",
                        "unit_price": "1.20",
                        "approx_size": false,
                        "size_format": "kg",
                        "total_units": null,
                        "unit_selector": true,
                        "bunch_selector": false,
                        "drained_weight": 0.4,
                        "price_decreased": false,
                        "reference_price": "3.00",
                        "min_bunch_amount": 1.0,
                        "reference_format": "kg",
                        "increment_bunch_amount": 1.0
                    }
                }
            ],
            "is_extended": false
        },
        {
            "id": 130,
            "name": "Gaspatxo i cremes",
            "layout": 1,
            "products": [
                {
                    "id": "8655",
                    "limit": 1000,
                    "badges": {
                        "is_water": false,
                        "requires_age_check": false
                    },
                    "packaging": "Bric",
                    "thumbnail": "https://prod-mercadona.imgix.net/20190521/55/8655/vlc1/8655_00_02.jpg?fit=crop&h=206&w=206",
                    "display_name": "Crema de pollastre Hacendado amb verdures",
                    "bunch_selector": false,
                    "price_instructions": {
                        "iva": 10,
                        "is_new": false,
                        "is_pack": false,
                        "pack_size": null,
                        "unit_name": null,
                        "unit_size": 0.5,
                        "bulk_price": "2.20",
                        "unit_price": "1.10",
                        "approx_size": false,
                        "size_format": "l",
                        "total_units": null,
                        "unit_selector": true,
                        "bunch_selector": false,
                        "drained_weight": null,
                        "price_decreased": false,
                        "reference_price": "2.20",
                        "min_bunch_amount": 1.0,
                        "reference_format": "L",
                        "increment_bunch_amount": 1.0
                    }
                },
                {
                    "id": "8669",
                    "limit": 1000,
                    "badges": {
                        "is_water": false,
                        "requires_age_check": false
                    },
                    "packaging": "Bric",
                    "thumbnail": "https://prod-mercadona.imgix.net/20190521/69/8669/vlc1/8669_00_02.jpg?fit=crop&h=206&w=206",
                    "display_name": "Crema de carbassa Hacendado",
                    "bunch_selector": false,
                    "price_instructions": {
                        "iva": 10,
                        "is_new": false,
                        "is_pack": false,
                        "pack_size": null,
                        "unit_name": null,
                        "unit_size": 0.5,
                        "bulk_price": "2.20",
                        "unit_price": "1.10",
                        "approx_size": false,
                        "size_format": "l",
                        "total_units": null,
                        "unit_selector": true,
                        "bunch_selector": false,
                        "drained_weight": null,
                        "price_decreased": false,
                        "reference_price": "2.20",
                        "min_bunch_amount": 1.0,
                        "reference_format": "L",
                        "increment_bunch_amount": 1.0
                    }
                },
                {
                    "id": "8654",
                    "limit": 1000,
                    "badges": {
                        "is_water": false,
                        "requires_age_check": false
                    },
                    "packaging": "Bric",
                    "thumbnail": "https://prod-mercadona.imgix.net/20190521/54/8654/vlc1/8654_00_02.jpg?fit=crop&h=206&w=206",
                    "display_name": "Crema de verdures Hacendado",
                    "bunch_selector": false,
                    "price_instructions": {
                        "iva": 10,
                        "is_new": false,
                        "is_pack": false,
                        "pack_size": null,
                        "unit_name": null,
                        "unit_size": 0.5,
                        "bulk_price": "2.20",
                        "unit_price": "1.10",
                        "approx_size": false,
                        "size_format": "l",
                        "total_units": null,
                        "unit_selector": true,
                        "bunch_selector": false,
                        "drained_weight": null,
                        "price_decreased": false,
                        "reference_price": "2.20",
                        "min_bunch_amount": 1.0,
                        "reference_format": "L",
                        "increment_bunch_amount": 1.0
                    }
                },
                {
                    "id": "8714",
                    "limit": 1000,
                    "badges": {
                        "is_water": false,
                        "requires_age_check": false
                    },
                    "packaging": "Bric",
                    "thumbnail": "https://prod-mercadona.imgix.net/20190521/14/8714/vlc1/8714_00_02.jpg?fit=crop&h=206&w=206",
                    "display_name": "Crema de carbassó Knorr amb formatge de cabra",
                    "bunch_selector": false,
                    "price_instructions": {
                        "iva": 10,
                        "is_new": false,
                        "is_pack": false,
                        "pack_size": null,
                        "unit_name": null,
                        "unit_size": 0.5,
                        "bulk_price": "3.38",
                        "unit_price": "1.69",
                        "approx_size": false,
                        "size_format": "l",
                        "total_units": null,
                        "unit_selector": true,
                        "bunch_selector": false,
                        "drained_weight": null,
                        "price_decreased": false,
                        "reference_price": "3.38",
                        "min_bunch_amount": 1.0,
                        "reference_format": "L",
                        "increment_bunch_amount": 1.0
                    }
                },
                {
                    "id": "8699",
                    "limit": 1000,
                    "badges": {
                        "is_water": false,
                        "requires_age_check": false
                    },
                    "packaging": "Bric",
                    "thumbnail": "https://prod-mercadona.imgix.net/20190521/99/8699/vlc1/8699_00_02.jpg?fit=crop&h=206&w=206",
                    "display_name": "Crema vichyssoise Hacendado porro i patata",
                    "bunch_selector": false,
                    "price_instructions": {
                        "iva": 10,
                        "is_new": false,
                        "is_pack": false,
                        "pack_size": null,
                        "unit_name": null,
                        "unit_size": 0.5,
                        "bulk_price": "2.20",
                        "unit_price": "1.10",
                        "approx_size": false,
                        "size_format": "l",
                        "total_units": null,
                        "unit_selector": true,
                        "bunch_selector": false,
                        "drained_weight": null,
                        "price_decreased": false,
                        "reference_price": "2.20",
                        "min_bunch_amount": 1.0,
                        "reference_format": "L",
                        "increment_bunch_amount": 1.0
                    }
                },
                {
                    "id": "8710",
                    "limit": 1000,
                    "badges": {
                        "is_water": false,
                        "requires_age_check": false
                    },
                    "packaging": "Bric",
                    "thumbnail": "https://prod-mercadona.imgix.net/20190521/10/8710/vlc1/8710_00_02.jpg?fit=crop&h=206&w=206",
                    "display_name": "Crema de bolets Hacendado",
                    "bunch_selector": false,
                    "price_instructions": {
                        "iva": 10,
                        "is_new": false,
                        "is_pack": false,
                        "pack_size": null,
                        "unit_name": null,
                        "unit_size": 0.5,
                        "bulk_price": "2.40",
                        "unit_price": "1.20",
                        "approx_size": false,
                        "size_format": "l",
                        "total_units": null,
                        "unit_selector": true,
                        "bunch_selector": false,
                        "drained_weight": null,
                        "price_decreased": false,
                        "reference_price": "2.40",
                        "min_bunch_amount": 1.0,
                        "reference_format": "L",
                        "increment_bunch_amount": 1.0
                    }
                },
                {
                    "id": "8718",
                    "limit": 1000,
                    "badges": {
                        "is_water": false,
                        "requires_age_check": false
                    },
                    "packaging": "Bric",
                    "thumbnail": "https://prod-mercadona.imgix.net/20190521/18/8718/vlc1/8718_00_02.jpg?fit=crop&h=206&w=206",
                    "display_name": "Crema de marisc Hacendado amb gambes i llamàntol",
                    "bunch_selector": false,
                    "price_instructions": {
                        "iva": 10,
                        "is_new": false,
                        "is_pack": false,
                        "pack_size": null,
                        "unit_name": null,
                        "unit_size": 0.5,
                        "bulk_price": "3.20",
                        "unit_price": "1.60",
                        "approx_size": false,
                        "size_format": "l",
                        "total_units": null,
                        "unit_selector": true,
                        "bunch_selector": false,
                        "drained_weight": null,
                        "price_decreased": false,
                        "reference_price": "3.20",
                        "min_bunch_amount": 1.0,
                        "reference_format": "L",
                        "increment_bunch_amount": 1.0
                    }
                },
                {
                    "id": "29212",
                    "limit": 1000,
                    "badges": {
                        "is_water": false,
                        "requires_age_check": false
                    },
                    "packaging": "Capsa",
                    "thumbnail": "https://prod-mercadona.imgix.net/20190521/12/29212/vlc1/29212_00_02.jpg?fit=crop&h=206&w=206",
                    "display_name": "Puré de patates",
                    "bunch_selector": false,
                    "price_instructions": {
                        "iva": 10,
                        "is_new": false,
                        "is_pack": false,
                        "pack_size": null,
                        "unit_name": "bosses",
                        "unit_size": 0.5,
                        "bulk_price": "2.34",
                        "unit_price": "1.17",
                        "approx_size": false,
                        "size_format": "kg",
                        "total_units": 4,
                        "unit_selector": true,
                        "bunch_selector": false,
                        "drained_weight": null,
                        "price_decreased": false,
                        "reference_price": "2.34",
                        "min_bunch_amount": 1.0,
                        "reference_format": "kg",
                        "increment_bunch_amount": 1.0
                    }
                },
                {
                    "id": "29211",
                    "limit": 1000,
                    "badges": {
                        "is_water": false,
                        "requires_age_check": false
                    },
                    "packaging": "Capsa",
                    "thumbnail": "https://prod-mercadona.imgix.net/20190521/11/29211/vlc1/29211_00_02.jpg?fit=crop&h=206&w=206",
                    "display_name": "Puré de patates Maggi natural",
                    "bunch_selector": false,
                    "price_instructions": {
                        "iva": 10,
                        "is_new": false,
                        "is_pack": false,
                        "pack_size": null,
                        "unit_name": "bosses",
                        "unit_size": 0.46,
                        "bulk_price": "5.43",
                        "unit_price": "2.50",
                        "approx_size": false,
                        "size_format": "kg",
                        "total_units": 4,
                        "unit_selector": true,
                        "bunch_selector": false,
                        "drained_weight": null,
                        "price_decreased": false,
                        "reference_price": "5.44",
                        "min_bunch_amount": 1.0,
                        "reference_format": "kg",
                        "increment_bunch_amount": 1.0
                    }
                },
                {
                    "id": "39909",
                    "limit": 1000,
                    "badges": {
                        "is_water": false,
                        "requires_age_check": false
                    },
                    "packaging": "Paquet-2",
                    "thumbnail": "https://prod-mercadona.imgix.net/20190521/09/39909/vlc1/39909_00_01.jpg?fit=crop&h=206&w=206",
                    "display_name": "Gaspatxo tradicional Hacendado",
                    "bunch_selector": false,
                    "price_instructions": {
                        "iva": 10,
                        "is_new": false,
                        "is_pack": true,
                        "pack_size": 1.0,
                        "unit_name": "brics",
                        "unit_size": 2.0,
                        "bulk_price": "1.45",
                        "unit_price": "2.90",
                        "approx_size": false,
                        "size_format": "l",
                        "total_units": 2,
                        "unit_selector": true,
                        "bunch_selector": false,
                        "drained_weight": null,
                        "price_decreased": false,
                        "reference_price": "1.45",
                        "min_bunch_amount": 1.0,
                        "reference_format": "L",
                        "increment_bunch_amount": 1.0
                    }
                },
                {
                    "id": "39934",
                    "limit": 1000,
                    "badges": {
                        "is_water": false,
                        "requires_age_check": false
                    },
                    "packaging": "Paquet-3",
                    "thumbnail": "https://prod-mercadona.imgix.net/20190521/34/39934/vlc1/39934_00_01.jpg?fit=crop&h=206&w=206",
                    "display_name": "Gaspatxo tradicional Hacendado",
                    "bunch_selector": false,
                    "price_instructions": {
                        "iva": 10,
                        "is_new": false,
                        "is_pack": true,
                        "pack_size": 0.33,
                        "unit_name": "brics petits",
                        "unit_size": 0.99,
                        "bulk_price": "1.82",
                        "unit_price": "1.80",
                        "approx_size": false,
                        "size_format": "l",
                        "total_units": 3,
                        "unit_selector": true,
                        "bunch_selector": false,
                        "drained_weight": null,
                        "price_decreased": false,
                        "reference_price": "1.82",
                        "min_bunch_amount": 1.0,
                        "reference_format": "L",
                        "increment_bunch_amount": 1.0
                    }
                },
                {
                    "id": "39937",
                    "limit": 1000,
                    "badges": {
                        "is_water": false,
                        "requires_age_check": false
                    },
                    "packaging": "Paquet-3",
                    "thumbnail": "https://prod-mercadona.imgix.net/20190521/37/39937/vlc1/39937_00_01.jpg?fit=crop&h=206&w=206",
                    "display_name": "Gaspatxo suau Hacendado",
                    "bunch_selector": false,
                    "price_instructions": {
                        "iva": 10,
                        "is_new": false,
                        "is_pack": true,
                        "pack_size": 0.33,
                        "unit_name": "brics petits",
                        "unit_size": 0.99,
                        "bulk_price": "1.82",
                        "unit_price": "1.80",
                        "approx_size": false,
                        "size_format": "l",
                        "total_units": 3,
                        "unit_selector": true,
                        "bunch_selector": false,
                        "drained_weight": null,
                        "price_decreased": false,
                        "reference_price": "1.82",
                        "min_bunch_amount": 1.0,
                        "reference_format": "L",
                        "increment_bunch_amount": 1.0
                    }
                },
                {
                    "id": "8722",
                    "limit": 1000,
                    "badges": {
                        "is_water": false,
                        "requires_age_check": false
                    },
                    "packaging": "Bol",
                    "thumbnail": "https://prod-mercadona.imgix.net/20190521/22/8722/vlc1/8722_00_01.jpg?fit=crop&h=206&w=206",
                    "display_name": "Crema de verdures Hacendado",
                    "bunch_selector": false,
                    "price_instructions": {
                        "iva": 10,
                        "is_new": false,
                        "is_pack": false,
                        "pack_size": null,
                        "unit_name": null,
                        "unit_size": 0.35,
                        "bulk_price": "4.86",
                        "unit_price": "1.70",
                        "approx_size": false,
                        "size_format": "kg",
                        "total_units": null,
                        "unit_selector": true,
                        "bunch_selector": false,
                        "drained_weight": null,
                        "price_decreased": false,
                        "reference_price": "4.86",
                        "min_bunch_amount": 1.0,
                        "reference_format": "kg",
                        "increment_bunch_amount": 1.0
                    }
                },
                {
                    "id": "8720",
                    "limit": 1000,
                    "badges": {
                        "is_water": false,
                        "requires_age_check": false
                    },
                    "packaging": "Bol",
                    "thumbnail": "https://prod-mercadona.imgix.net/20190521/20/8720/vlc1/8720_00_01.jpg?fit=crop&h=206&w=206",
                    "display_name": "Crema de carbassa i pastanaga Hacendado",
                    "bunch_selector": false,
                    "price_instructions": {
                        "iva": 10,
                        "is_new": false,
                        "is_pack": false,
                        "pack_size": null,
                        "unit_name": null,
                        "unit_size": 0.35,
                        "bulk_price": "4.86",
                        "unit_price": "1.70",
                        "approx_size": false,
                        "size_format": "kg",
                        "total_units": null,
                        "unit_selector": true,
                        "bunch_selector": false,
                        "drained_weight": null,
                        "price_decreased": false,
                        "reference_price": "4.86",
                        "min_bunch_amount": 1.0,
                        "reference_format": "kg",
                        "increment_bunch_amount": 1.0
                    }
                },
                {
                    "id": "8723",
                    "limit": 1000,
                    "badges": {
                        "is_water": false,
                        "requires_age_check": false
                    },
                    "packaging": "Bol",
                    "thumbnail": "https://prod-mercadona.imgix.net/20190521/23/8723/vlc1/8723_00_01.jpg?fit=crop&h=206&w=206",
                    "display_name": "Vichyssoise de porro i patata Hacendado",
                    "bunch_selector": false,
                    "price_instructions": {
                        "iva": 10,
                        "is_new": false,
                        "is_pack": false,
                        "pack_size": null,
                        "unit_name": null,
                        "unit_size": 0.35,
                        "bulk_price": "4.86",
                        "unit_price": "1.70",
                        "approx_size": false,
                        "size_format": "kg",
                        "total_units": null,
                        "unit_selector": true,
                        "bunch_selector": false,
                        "drained_weight": null,
                        "price_decreased": false,
                        "reference_price": "4.86",
                        "min_bunch_amount": 1.0,
                        "reference_format": "kg",
                        "increment_bunch_amount": 1.0
                    }
                },
                {
                    "id": "8721",
                    "limit": 1000,
                    "badges": {
                        "is_water": false,
                        "requires_age_check": false
                    },
                    "packaging": "Bol",
                    "thumbnail": "https://prod-mercadona.imgix.net/20190521/21/8721/vlc1/8721_00_01.jpg?fit=crop&h=206&w=206",
                    "display_name": "Crema d'espàrrecs Hacendado",
                    "bunch_selector": false,
                    "price_instructions": {
                        "iva": 10,
                        "is_new": false,
                        "is_pack": false,
                        "pack_size": null,
                        "unit_name": null,
                        "unit_size": 0.35,
                        "bulk_price": "4.86",
                        "unit_price": "1.70",
                        "approx_size": false,
                        "size_format": "kg",
                        "total_units": null,
                        "unit_selector": true,
                        "bunch_selector": false,
                        "drained_weight": null,
                        "price_decreased": false,
                        "reference_price": "4.86",
                        "min_bunch_amount": 1.0,
                        "reference_format": "kg",
                        "increment_bunch_amount": 1.0
                    }
                },
                {
                    "id": "8673",
                    "limit": 1000,
                    "badges": {
                        "is_water": false,
                        "requires_age_check": false
                    },
                    "packaging": "Paquet-2",
                    "thumbnail": "https://prod-mercadona.imgix.net/20190521/73/8673/vlc1/8673_00_01.jpg?fit=crop&h=206&w=206",
                    "display_name": "Crema de pollastre Hacendado amb verdures",
                    "bunch_selector": false,
                    "price_instructions": {
                        "iva": 10,
                        "is_new": false,
                        "is_pack": true,
                        "pack_size": 0.5,
                        "unit_name": "brics",
                        "unit_size": 1.0,
                        "bulk_price": "1.94",
                        "unit_price": "1.94",
                        "approx_size": false,
                        "size_format": "l",
                        "total_units": 2,
                        "unit_selector": true,
                        "bunch_selector": false,
                        "drained_weight": null,
                        "price_decreased": false,
                        "reference_price": "1.94",
                        "min_bunch_amount": 1.0,
                        "reference_format": "L",
                        "increment_bunch_amount": 1.0
                    }
                },
                {
                    "id": "8675",
                    "limit": 1000,
                    "badges": {
                        "is_water": false,
                        "requires_age_check": false
                    },
                    "packaging": "Paquet-2",
                    "thumbnail": "https://prod-mercadona.imgix.net/20190521/75/8675/vlc1/8675_00_01.jpg?fit=crop&h=206&w=206",
                    "display_name": "Crema de carbassa Hacendado",
                    "bunch_selector": false,
                    "price_instructions": {
                        "iva": 10,
                        "is_new": false,
                        "is_pack": true,
                        "pack_size": 0.5,
                        "unit_name": "brics",
                        "unit_size": 1.0,
                        "bulk_price": "1.94",
                        "unit_price": "1.94",
                        "approx_size": false,
                        "size_format": "l",
                        "total_units": 2,
                        "unit_selector": true,
                        "bunch_selector": false,
                        "drained_weight": null,
                        "price_decreased": false,
                        "reference_price": "1.94",
                        "min_bunch_amount": 1.0,
                        "reference_format": "L",
                        "increment_bunch_amount": 1.0
                    }
                },
                {
                    "id": "8672",
                    "limit": 1000,
                    "badges": {
                        "is_water": false,
                        "requires_age_check": false
                    },
                    "packaging": "Paquet-2",
                    "thumbnail": "https://prod-mercadona.imgix.net/20190521/72/8672/vlc1/8672_00_01.jpg?fit=crop&h=206&w=206",
                    "display_name": "Crema de verdures Hacendado",
                    "bunch_selector": false,
                    "price_instructions": {
                        "iva": 10,
                        "is_new": false,
                        "is_pack": true,
                        "pack_size": 0.5,
                        "unit_name": "brics",
                        "unit_size": 1.0,
                        "bulk_price": "1.94",
                        "unit_price": "1.94",
                        "approx_size": false,
                        "size_format": "l",
                        "total_units": 2,
                        "unit_selector": true,
                        "bunch_selector": false,
                        "drained_weight": null,
                        "price_decreased": false,
                        "reference_price": "1.94",
                        "min_bunch_amount": 1.0,
                        "reference_format": "L",
                        "increment_bunch_amount": 1.0
                    }
                },
                {
                    "id": "8631",
                    "limit": 1000,
                    "badges": {
                        "is_water": false,
                        "requires_age_check": false
                    },
                    "packaging": "Paquet-2",
                    "thumbnail": "https://prod-mercadona.imgix.net/20190521/31/8631/vlc1/8631_00_01.jpg?fit=crop&h=206&w=206",
                    "display_name": "Crema de bolets del bosc Knorr amb xampinyons",
                    "bunch_selector": false,
                    "price_instructions": {
                        "iva": 10,
                        "is_new": false,
                        "is_pack": true,
                        "pack_size": 0.5,
                        "unit_name": "brics",
                        "unit_size": 1.0,
                        "bulk_price": "2.40",
                        "unit_price": "2.40",
                        "approx_size": false,
                        "size_format": "l",
                        "total_units": 2,
                        "unit_selector": true,
                        "bunch_selector": false,
                        "drained_weight": null,
                        "price_decreased": false,
                        "reference_price": "2.40",
                        "min_bunch_amount": 1.0,
                        "reference_format": "L",
                        "increment_bunch_amount": 1.0
                    }
                },
                {
                    "id": "8715",
                    "limit": 1000,
                    "badges": {
                        "is_water": false,
                        "requires_age_check": false
                    },
                    "packaging": "Paquet-2",
                    "thumbnail": "https://prod-mercadona.imgix.net/20190521/15/8715/vlc1/8715_00_01.jpg?fit=crop&h=206&w=206",
                    "display_name": "Crema de carbassó Knorr amb formatge de cabra",
                    "bunch_selector": false,
                    "price_instructions": {
                        "iva": 10,
                        "is_new": false,
                        "is_pack": true,
                        "pack_size": 0.5,
                        "unit_name": "brics",
                        "unit_size": 1.0,
                        "bulk_price": "2.40",
                        "unit_price": "2.40",
                        "approx_size": false,
                        "size_format": "l",
                        "total_units": 2,
                        "unit_selector": true,
                        "bunch_selector": false,
                        "drained_weight": null,
                        "price_decreased": false,
                        "reference_price": "2.40",
                        "min_bunch_amount": 1.0,
                        "reference_format": "L",
                        "increment_bunch_amount": 1.0
                    }
                },
                {
                    "id": "8683",
                    "limit": 1000,
                    "badges": {
                        "is_water": false,
                        "requires_age_check": false
                    },
                    "packaging": "Sobre",
                    "thumbnail": "https://prod-mercadona.imgix.net/20190521/83/8683/vlc1/8683_00_02.jpg?fit=crop&h=206&w=206",
                    "display_name": "Crema d'espàrrecs Hacendado",
                    "bunch_selector": false,
                    "price_instructions": {
                        "iva": 10,
                        "is_new": false,
                        "is_pack": false,
                        "pack_size": null,
                        "unit_name": null,
                        "unit_size": 0.086,
                        "bulk_price": "6.40",
                        "unit_price": "0.55",
                        "approx_size": false,
                        "size_format": "kg",
                        "total_units": null,
                        "unit_selector": true,
                        "bunch_selector": false,
                        "drained_weight": null,
                        "price_decreased": false,
                        "reference_price": "6.40",
                        "min_bunch_amount": 1.0,
                        "reference_format": "kg",
                        "increment_bunch_amount": 1.0
                    }
                },
                {
                    "id": "8711",
                    "limit": 1000,
                    "badges": {
                        "is_water": false,
                        "requires_age_check": false
                    },
                    "packaging": "Sobre",
                    "thumbnail": "https://prod-mercadona.imgix.net/20190521/11/8711/vlc1/8711_00_02.jpg?fit=crop&h=206&w=206",
                    "display_name": "Crema de xampinyons Hacendado",
                    "bunch_selector": false,
                    "price_instructions": {
                        "iva": 10,
                        "is_new": false,
                        "is_pack": false,
                        "pack_size": null,
                        "unit_name": null,
                        "unit_size": 0.065,
                        "bulk_price": "7.38",
                        "unit_price": "0.48",
                        "approx_size": false,
                        "size_format": "kg",
                        "total_units": null,
                        "unit_selector": true,
                        "bunch_selector": false,
                        "drained_weight": null,
                        "price_decreased": false,
                        "reference_price": "7.38",
                        "min_bunch_amount": 1.0,
                        "reference_format": "kg",
                        "increment_bunch_amount": 1.0
                    }
                },
                {
                    "id": "8701",
                    "limit": 1000,
                    "badges": {
                        "is_water": false,
                        "requires_age_check": false
                    },
                    "packaging": "Paquet-2",
                    "thumbnail": "https://prod-mercadona.imgix.net/20190521/01/8701/vlc1/8701_00_01.jpg?fit=crop&h=206&w=206",
                    "display_name": "Crema vichyssoise Hacendado porro i patata",
                    "bunch_selector": false,
                    "price_instructions": {
                        "iva": 10,
                        "is_new": false,
                        "is_pack": true,
                        "pack_size": 0.5,
                        "unit_name": "brics",
                        "unit_size": 1.0,
                        "bulk_price": "1.94",
                        "unit_price": "1.94",
                        "approx_size": false,
                        "size_format": "l",
                        "total_units": 2,
                        "unit_selector": true,
                        "bunch_selector": false,
                        "drained_weight": null,
                        "price_decreased": false,
                        "reference_price": "1.94",
                        "min_bunch_amount": 1.0,
                        "reference_format": "L",
                        "increment_bunch_amount": 1.0
                    }
                },
                {
                    "id": "8503",
                    "limit": 1000,
                    "badges": {
                        "is_water": false,
                        "requires_age_check": false
                    },
                    "packaging": "Paquet-2",
                    "thumbnail": "https://prod-mercadona.imgix.net/20190521/03/8503/vlc1/8503_00_01.jpg?fit=crop&h=206&w=206",
                    "display_name": "Crema de carbassó Hacendado",
                    "bunch_selector": false,
                    "price_instructions": {
                        "iva": 10,
                        "is_new": false,
                        "is_pack": true,
                        "pack_size": 0.5,
                        "unit_name": "brics",
                        "unit_size": 1.0,
                        "bulk_price": "1.94",
                        "unit_price": "1.94",
                        "approx_size": false,
                        "size_format": "l",
                        "total_units": 2,
                        "unit_selector": true,
                        "bunch_selector": false,
                        "drained_weight": null,
                        "price_decreased": false,
                        "reference_price": "1.94",
                        "min_bunch_amount": 1.0,
                        "reference_format": "L",
                        "increment_bunch_amount": 1.0
                    }
                },
                {
                    "id": "8712",
                    "limit": 1000,
                    "badges": {
                        "is_water": false,
                        "requires_age_check": false
                    },
                    "packaging": "Paquet-2",
                    "thumbnail": "https://prod-mercadona.imgix.net/20190521/12/8712/vlc1/8712_00_01.jpg?fit=crop&h=206&w=206",
                    "display_name": "Crema de bolets Hacendado",
                    "bunch_selector": false,
                    "price_instructions": {
                        "iva": 10,
                        "is_new": false,
                        "is_pack": true,
                        "pack_size": 0.5,
                        "unit_name": "brics",
                        "unit_size": 1.0,
                        "bulk_price": "2.10",
                        "unit_price": "2.10",
                        "approx_size": false,
                        "size_format": "l",
                        "total_units": 2,
                        "unit_selector": true,
                        "bunch_selector": false,
                        "drained_weight": null,
                        "price_decreased": false,
                        "reference_price": "2.10",
                        "min_bunch_amount": 1.0,
                        "reference_format": "L",
                        "increment_bunch_amount": 1.0
                    }
                },
                {
                    "id": "8719",
                    "limit": 1000,
                    "badges": {
                        "is_water": false,
                        "requires_age_check": false
                    },
                    "packaging": "Paquet-2",
                    "thumbnail": "https://prod-mercadona.imgix.net/20190521/19/8719/vlc1/8719_00_01.jpg?fit=crop&h=206&w=206",
                    "display_name": "Crema de marisc Hacendado amb gambes i llamàntol",
                    "bunch_selector": false,
                    "price_instructions": {
                        "iva": 10,
                        "is_new": false,
                        "is_pack": true,
                        "pack_size": 0.5,
                        "unit_name": null,
                        "unit_size": 1.0,
                        "bulk_price": "2.85",
                        "unit_price": "2.85",
                        "approx_size": false,
                        "size_format": "l",
                        "total_units": null,
                        "unit_selector": true,
                        "bunch_selector": false,
                        "drained_weight": null,
                        "price_decreased": false,
                        "reference_price": "2.85",
                        "min_bunch_amount": 1.0,
                        "reference_format": "L",
                        "increment_bunch_amount": 1.0
                    }
                },
                {
                    "id": "39900",
                    "limit": 1000,
                    "badges": {
                        "is_water": false,
                        "requires_age_check": false
                    },
                    "packaging": "Ampolla",
                    "thumbnail": "https://prod-mercadona.imgix.net/20190521/00/39900/vlc1/39900_00_02.jpg?fit=crop&h=206&w=206",
                    "display_name": "Gaspatxo fresc Hacendado",
                    "bunch_selector": false,
                    "price_instructions": {
                        "iva": 10,
                        "is_new": false,
                        "is_pack": false,
                        "pack_size": null,
                        "unit_name": null,
                        "unit_size": 1.0,
                        "bulk_price": "2.69",
                        "unit_price": "2.69",
                        "approx_size": false,
                        "size_format": "l",
                        "total_units": null,
                        "unit_selector": true,
                        "bunch_selector": false,
                        "drained_weight": null,
                        "price_decreased": false,
                        "reference_price": "2.69",
                        "min_bunch_amount": 1.0,
                        "reference_format": "L",
                        "increment_bunch_amount": 1.0
                    }
                },
                {
                    "id": "39901",
                    "limit": 1000,
                    "badges": {
                        "is_water": false,
                        "requires_age_check": false
                    },
                    "packaging": "Ampolla",
                    "thumbnail": "https://prod-mercadona.imgix.net/20190521/01/39901/vlc1/39901_00_02.jpg?fit=crop&h=206&w=206",
                    "display_name": "Salmorejo fresc Hacendado",
                    "bunch_selector": false,
                    "price_instructions": {
                        "iva": 10,
                        "is_new": false,
                        "is_pack": false,
                        "pack_size": null,
                        "unit_name": null,
                        "unit_size": 1.0,
                        "bulk_price": "2.96",
                        "unit_price": "2.96",
                        "approx_size": false,
                        "size_format": "l",
                        "total_units": null,
                        "unit_selector": true,
                        "bunch_selector": false,
                        "drained_weight": null,
                        "price_decreased": false,
                        "reference_price": "2.96",
                        "min_bunch_amount": 1.0,
                        "reference_format": "L",
                        "increment_bunch_amount": 1.0
                    }
                },
                {
                    "id": "39965",
                    "limit": 1000,
                    "badges": {
                        "is_water": false,
                        "requires_age_check": false
                    },
                    "packaging": "Ampolla",
                    "thumbnail": "https://prod-mercadona.imgix.net/20190521/65/39965/vlc1/39965_00_02.jpg?fit=crop&h=206&w=206",
                    "display_name": "Gaspatxo fresc Hacendado",
                    "bunch_selector": false,
                    "price_instructions": {
                        "iva": 10,
                        "is_new": false,
                        "is_pack": false,
                        "pack_size": null,
                        "unit_name": null,
                        "unit_size": 0.33,
                        "bulk_price": "3.03",
                        "unit_price": "1.00",
                        "approx_size": false,
                        "size_format": "l",
                        "total_units": null,
                        "unit_selector": true,
                        "bunch_selector": false,
                        "drained_weight": null,
                        "price_decreased": false,
                        "reference_price": "3.03",
                        "min_bunch_amount": 1.0,
                        "reference_format": "L",
                        "increment_bunch_amount": 1.0
                    }
                },
                {
                    "id": "39966",
                    "limit": 1000,
                    "badges": {
                        "is_water": false,
                        "requires_age_check": false
                    },
                    "packaging": "Ampolla",
                    "thumbnail": "https://prod-mercadona.imgix.net/20190521/66/39966/vlc1/39966_00_02.jpg?fit=crop&h=206&w=206",
                    "display_name": "Salmorejo fresc Hacendado",
                    "bunch_selector": false,
                    "price_instructions": {
                        "iva": 10,
                        "is_new": false,
                        "is_pack": false,
                        "pack_size": null,
                        "unit_name": null,
                        "unit_size": 0.33,
                        "bulk_price": "3.33",
                        "unit_price": "1.10",
                        "approx_size": false,
                        "size_format": "l",
                        "total_units": null,
                        "unit_selector": true,
                        "bunch_selector": false,
                        "drained_weight": null,
                        "price_decreased": false,
                        "reference_price": "3.33",
                        "min_bunch_amount": 1.0,
                        "reference_format": "L",
                        "increment_bunch_amount": 1.0
                    }
                },
                {
                    "id": "8611",
                    "limit": 1000,
                    "badges": {
                        "is_water": false,
                        "requires_age_check": false
                    },
                    "packaging": "Bric",
                    "thumbnail": "https://prod-mercadona.imgix.net/20190521/11/8611/vlc1/8611_00_02.jpg?fit=crop&h=206&w=206",
                    "display_name": "Crema de bolets del bosc Knorr amb xampinyons",
                    "bunch_selector": false,
                    "price_instructions": {
                        "iva": 10,
                        "is_new": false,
                        "is_pack": false,
                        "pack_size": null,
                        "unit_name": null,
                        "unit_size": 0.5,
                        "bulk_price": "3.38",
                        "unit_price": "1.69",
                        "approx_size": false,
                        "size_format": "l",
                        "total_units": null,
                        "unit_selector": true,
                        "bunch_selector": false,
                        "drained_weight": null,
                        "price_decreased": false,
                        "reference_price": "3.38",
                        "min_bunch_amount": 1.0,
                        "reference_format": "L",
                        "increment_bunch_amount": 1.0
                    }
                },
                {
                    "id": "8502",
                    "limit": 1000,
                    "badges": {
                        "is_water": false,
                        "requires_age_check": false
                    },
                    "packaging": "Bric",
                    "thumbnail": "https://prod-mercadona.imgix.net/20190521/02/8502/vlc1/8502_00_02.jpg?fit=crop&h=206&w=206",
                    "display_name": "Crema de carbassó Hacendado",
                    "bunch_selector": false,
                    "price_instructions": {
                        "iva": 10,
                        "is_new": false,
                        "is_pack": false,
                        "pack_size": null,
                        "unit_name": null,
                        "unit_size": 0.5,
                        "bulk_price": "2.20",
                        "unit_price": "1.10",
                        "approx_size": false,
                        "size_format": "l",
                        "total_units": null,
                        "unit_selector": true,
                        "bunch_selector": false,
                        "drained_weight": null,
                        "price_decreased": false,
                        "reference_price": "2.20",
                        "min_bunch_amount": 1.0,
                        "reference_format": "L",
                        "increment_bunch_amount": 1.0
                    }
                },
                {
                    "id": "39904",
                    "limit": 1000,
                    "badges": {
                        "is_water": false,
                        "requires_age_check": false
                    },
                    "packaging": "Paquet-3",
                    "thumbnail": "https://prod-mercadona.imgix.net/20190521/04/39904/vlc1/39904_00_01.jpg?fit=crop&h=206&w=206",
                    "display_name": "Gaspatxo blanc d'ametlles Hacendado amb all blanc",
                    "bunch_selector": false,
                    "price_instructions": {
                        "iva": 10,
                        "is_new": false,
                        "is_pack": true,
                        "pack_size": 0.33,
                        "unit_name": "brics petits",
                        "unit_size": 0.99,
                        "bulk_price": "2.88",
                        "unit_price": "2.85",
                        "approx_size": false,
                        "size_format": "l",
                        "total_units": 3,
                        "unit_selector": true,
                        "bunch_selector": false,
                        "drained_weight": null,
                        "price_decreased": false,
                        "reference_price": "2.88",
                        "min_bunch_amount": 1.0,
                        "reference_format": "L",
                        "increment_bunch_amount": 1.0
                    }
                },
                {
                    "id": "39902",
                    "limit": 1000,
                    "badges": {
                        "is_water": false,
                        "requires_age_check": false
                    },
                    "packaging": "Bric",
                    "thumbnail": "https://prod-mercadona.imgix.net/20190521/02/39902/vlc1/39902_00_02.jpg?fit=crop&h=206&w=206",
                    "display_name": "Salmorejo a l'estil cordovès Hacendado",
                    "bunch_selector": false,
                    "price_instructions": {
                        "iva": 10,
                        "is_new": false,
                        "is_pack": false,
                        "pack_size": null,
                        "unit_name": null,
                        "unit_size": 1.0,
                        "bulk_price": "1.65",
                        "unit_price": "1.65",
                        "approx_size": false,
                        "size_format": "l",
                        "total_units": null,
                        "unit_selector": true,
                        "bunch_selector": false,
                        "drained_weight": null,
                        "price_decreased": false,
                        "reference_price": "1.65",
                        "min_bunch_amount": 1.0,
                        "reference_format": "L",
                        "increment_bunch_amount": 1.0
                    }
                },
                {
                    "id": "39936",
                    "limit": 1000,
                    "badges": {
                        "is_water": false,
                        "requires_age_check": false
                    },
                    "packaging": "Paquet-3",
                    "thumbnail": "https://prod-mercadona.imgix.net/20190521/36/39936/vlc1/39936_00_01.jpg?fit=crop&h=206&w=206",
                    "display_name": "Gaspatxo andalús Hacendado",
                    "bunch_selector": false,
                    "price_instructions": {
                        "iva": 10,
                        "is_new": false,
                        "is_pack": true,
                        "pack_size": 0.33,
                        "unit_name": "brics petits",
                        "unit_size": 0.99,
                        "bulk_price": "1.82",
                        "unit_price": "1.80",
                        "approx_size": false,
                        "size_format": "l",
                        "total_units": 3,
                        "unit_selector": true,
                        "bunch_selector": false,
                        "drained_weight": null,
                        "price_decreased": false,
                        "reference_price": "1.82",
                        "min_bunch_amount": 1.0,
                        "reference_format": "L",
                        "increment_bunch_amount": 1.0
                    }
                },
                {
                    "id": "39903",
                    "limit": 1000,
                    "badges": {
                        "is_water": false,
                        "requires_age_check": false
                    },
                    "packaging": "Paquet-3",
                    "thumbnail": "https://prod-mercadona.imgix.net/20190521/03/39903/vlc1/39903_00_01.jpg?fit=crop&h=206&w=206",
                    "display_name": "Salmorejo a l'estil cordovès Hacendado",
                    "bunch_selector": false,
                    "price_instructions": {
                        "iva": 10,
                        "is_new": false,
                        "is_pack": true,
                        "pack_size": 0.33,
                        "unit_name": "brics petits",
                        "unit_size": 0.99,
                        "bulk_price": "1.92",
                        "unit_price": "1.90",
                        "approx_size": false,
                        "size_format": "l",
                        "total_units": 3,
                        "unit_selector": true,
                        "bunch_selector": false,
                        "drained_weight": null,
                        "price_decreased": false,
                        "reference_price": "1.92",
                        "min_bunch_amount": 1.0,
                        "reference_format": "L",
                        "increment_bunch_amount": 1.0
                    }
                },
                {
                    "id": "39927",
                    "limit": 1000,
                    "badges": {
                        "is_water": false,
                        "requires_age_check": false
                    },
                    "packaging": "Paquet-2",
                    "thumbnail": "https://prod-mercadona.imgix.net/20190521/27/39927/vlc1/39927_00_01.jpg?fit=crop&h=206&w=206",
                    "display_name": "Gaspatxo andalús Hacendado",
                    "bunch_selector": false,
                    "price_instructions": {
                        "iva": 10,
                        "is_new": false,
                        "is_pack": true,
                        "pack_size": 1.0,
                        "unit_name": "brics",
                        "unit_size": 2.0,
                        "bulk_price": "1.45",
                        "unit_price": "2.90",
                        "approx_size": false,
                        "size_format": "l",
                        "total_units": 2,
                        "unit_selector": true,
                        "bunch_selector": false,
                        "drained_weight": null,
                        "price_decreased": false,
                        "reference_price": "1.45",
                        "min_bunch_amount": 1.0,
                        "reference_format": "L",
                        "increment_bunch_amount": 1.0
                    }
                },
                {
                    "id": "39911",
                    "limit": 1000,
                    "badges": {
                        "is_water": false,
                        "requires_age_check": false
                    },
                    "packaging": "Paquet-2",
                    "thumbnail": "https://prod-mercadona.imgix.net/20190521/11/39911/vlc1/39911_00_01.jpg?fit=crop&h=206&w=206",
                    "display_name": "Gaspatxo suau Hacendado",
                    "bunch_selector": false,
                    "price_instructions": {
                        "iva": 10,
                        "is_new": false,
                        "is_pack": true,
                        "pack_size": 1.0,
                        "unit_name": "brics",
                        "unit_size": 2.0,
                        "bulk_price": "1.45",
                        "unit_price": "2.90",
                        "approx_size": false,
                        "size_format": "l",
                        "total_units": 2,
                        "unit_selector": true,
                        "bunch_selector": false,
                        "drained_weight": null,
                        "price_decreased": false,
                        "reference_price": "1.45",
                        "min_bunch_amount": 1.0,
                        "reference_format": "L",
                        "increment_bunch_amount": 1.0
                    }
                }
            ],
            "is_extended": false
        },
        {
            "id": 129,
            "name": "Sopa i brou",
            "layout": 1,
            "products": [
                {
                    "id": "8525",
                    "limit": 1000,
                    "badges": {
                        "is_water": false,
                        "requires_age_check": false
                    },
                    "packaging": "Capsa",
                    "thumbnail": "https://prod-mercadona.imgix.net/20190521/25/8525/vlc1/8525_00_02.jpg?fit=crop&h=206&w=206",
                    "display_name": "Sopa instantània de verdures Hacendado",
                    "bunch_selector": false,
                    "price_instructions": {
                        "iva": 10,
                        "is_new": false,
                        "is_pack": false,
                        "pack_size": null,
                        "unit_name": "sobres",
                        "unit_size": 0.054,
                        "bulk_price": "10.83",
                        "unit_price": "0.65",
                        "approx_size": false,
                        "size_format": "kg",
                        "total_units": 3,
                        "unit_selector": true,
                        "bunch_selector": false,
                        "drained_weight": null,
                        "price_decreased": false,
                        "reference_price": "10.83",
                        "min_bunch_amount": 1.0,
                        "reference_format": "kg",
                        "increment_bunch_amount": 1.0
                    }
                },
                {
                    "id": "8598",
                    "limit": 1000,
                    "badges": {
                        "is_water": false,
                        "requires_age_check": false
                    },
                    "packaging": "Sobre",
                    "thumbnail": "https://prod-mercadona.imgix.net/20190521/98/8598/vlc1/8598_00_02.jpg?fit=crop&h=206&w=206",
                    "display_name": "Tallarines a la carbonara Hacendado",
                    "bunch_selector": false,
                    "price_instructions": {
                        "iva": 10,
                        "is_new": false,
                        "is_pack": false,
                        "pack_size": null,
                        "unit_name": null,
                        "unit_size": 0.19,
                        "bulk_price": "5.79",
                        "unit_price": "1.10",
                        "approx_size": false,
                        "size_format": "kg",
                        "total_units": null,
                        "unit_selector": true,
                        "bunch_selector": false,
                        "drained_weight": null,
                        "price_decreased": false,
                        "reference_price": "5.79",
                        "min_bunch_amount": 1.0,
                        "reference_format": "kg",
                        "increment_bunch_amount": 1.0
                    }
                },
                {
                    "id": "8599",
                    "limit": 1000,
                    "badges": {
                        "is_water": false,
                        "requires_age_check": false
                    },
                    "packaging": "Sobre",
                    "thumbnail": "https://prod-mercadona.imgix.net/20190521/99/8599/vlc1/8599_00_02.jpg?fit=crop&h=206&w=206",
                    "display_name": "Tallarines a la parmesana Hacendado",
                    "bunch_selector": false,
                    "price_instructions": {
                        "iva": 10,
                        "is_new": false,
                        "is_pack": false,
                        "pack_size": null,
                        "unit_name": null,
                        "unit_size": 0.19,
                        "bulk_price": "5.79",
                        "unit_price": "1.10",
                        "approx_size": false,
                        "size_format": "kg",
                        "total_units": null,
                        "unit_selector": true,
                        "bunch_selector": false,
                        "drained_weight": null,
                        "price_decreased": false,
                        "reference_price": "5.79",
                        "min_bunch_amount": 1.0,
                        "reference_format": "kg",
                        "increment_bunch_amount": 1.0
                    }
                },
                {
                    "id": "80057",
                    "limit": 1000,
                    "badges": {
                        "is_water": false,
                        "requires_age_check": false
                    },
                    "packaging": "Paquet",
                    "thumbnail": "https://prod-mercadona.imgix.net/20190521/57/80057/vlc1/80057_00_02.jpg?fit=crop&h=206&w=206",
                    "display_name": "Sopa de miso",
                    "bunch_selector": false,
                    "price_instructions": {
                        "iva": 10,
                        "is_new": false,
                        "is_pack": false,
                        "pack_size": null,
                        "unit_name": "u.",
                        "unit_size": 1.0,
                        "bulk_price": "0.48",
                        "unit_price": "1.45",
                        "approx_size": false,
                        "size_format": "ud",
                        "total_units": 3,
                        "unit_selector": true,
                        "bunch_selector": false,
                        "drained_weight": null,
                        "price_decreased": false,
                        "reference_price": "0.48",
                        "min_bunch_amount": 1.0,
                        "reference_format": "ud",
                        "increment_bunch_amount": 1.0
                    }
                },
                {
                    "id": "7035",
                    "limit": 1000,
                    "badges": {
                        "is_water": false,
                        "requires_age_check": false
                    },
                    "packaging": "Bric",
                    "thumbnail": "https://prod-mercadona.imgix.net/20190521/35/7035/vlc1/7035_00_02.jpg?fit=crop&h=206&w=206",
                    "display_name": "Brou per a paella de carn Hacendado amb sofregit",
                    "bunch_selector": false,
                    "price_instructions": {
                        "iva": 10,
                        "is_new": false,
                        "is_pack": false,
                        "pack_size": null,
                        "unit_name": null,
                        "unit_size": 1.0,
                        "bulk_price": "1.95",
                        "unit_price": "1.95",
                        "approx_size": false,
                        "size_format": "l",
                        "total_units": null,
                        "unit_selector": true,
                        "bunch_selector": false,
                        "drained_weight": null,
                        "price_decreased": false,
                        "reference_price": "1.95",
                        "min_bunch_amount": 1.0,
                        "reference_format": "L",
                        "increment_bunch_amount": 1.0
                    }
                },
                {
                    "id": "7036",
                    "limit": 1000,
                    "badges": {
                        "is_water": false,
                        "requires_age_check": false
                    },
                    "packaging": "Bric",
                    "thumbnail": "https://prod-mercadona.imgix.net/20190521/36/7036/vlc1/7036_00_02.jpg?fit=crop&h=206&w=206",
                    "display_name": "Brou per a fideuada o arròs negre Hacendado amb sofregit",
                    "bunch_selector": false,
                    "price_instructions": {
                        "iva": 10,
                        "is_new": false,
                        "is_pack": false,
                        "pack_size": null,
                        "unit_name": null,
                        "unit_size": 1.0,
                        "bulk_price": "1.95",
                        "unit_price": "1.95",
                        "approx_size": false,
                        "size_format": "l",
                        "total_units": null,
                        "unit_selector": true,
                        "bunch_selector": false,
                        "drained_weight": null,
                        "price_decreased": false,
                        "reference_price": "1.95",
                        "min_bunch_amount": 1.0,
                        "reference_format": "L",
                        "increment_bunch_amount": 1.0
                    }
                },
                {
                    "id": "7313",
                    "limit": 1000,
                    "badges": {
                        "is_water": false,
                        "requires_age_check": false
                    },
                    "packaging": "Bric",
                    "thumbnail": "https://prod-mercadona.imgix.net/20190521/13/7313/vlc1/7313_00_02.jpg?fit=crop&h=206&w=206",
                    "display_name": "Brou de pollastre Hacendado",
                    "bunch_selector": false,
                    "price_instructions": {
                        "iva": 10,
                        "is_new": false,
                        "is_pack": false,
                        "pack_size": null,
                        "unit_name": null,
                        "unit_size": 1.0,
                        "bulk_price": "0.90",
                        "unit_price": "0.90",
                        "approx_size": false,
                        "size_format": "l",
                        "total_units": null,
                        "unit_selector": true,
                        "bunch_selector": false,
                        "drained_weight": null,
                        "price_decreased": false,
                        "reference_price": "0.90",
                        "min_bunch_amount": 1.0,
                        "reference_format": "L",
                        "increment_bunch_amount": 1.0
                    }
                },
                {
                    "id": "7325",
                    "limit": 1000,
                    "badges": {
                        "is_water": false,
                        "requires_age_check": false
                    },
                    "packaging": "Bric",
                    "thumbnail": "https://prod-mercadona.imgix.net/20190521/25/7325/vlc1/7325_00_02.jpg?fit=crop&h=206&w=206",
                    "display_name": "Brou de peix Hacendado",
                    "bunch_selector": false,
                    "price_instructions": {
                        "iva": 10,
                        "is_new": false,
                        "is_pack": false,
                        "pack_size": null,
                        "unit_name": null,
                        "unit_size": 1.0,
                        "bulk_price": "1.20",
                        "unit_price": "1.20",
                        "approx_size": false,
                        "size_format": "l",
                        "total_units": null,
                        "unit_selector": true,
                        "bunch_selector": false,
                        "drained_weight": null,
                        "price_decreased": false,
                        "reference_price": "1.20",
                        "min_bunch_amount": 1.0,
                        "reference_format": "L",
                        "increment_bunch_amount": 1.0
                    }
                },
                {
                    "id": "7017",
                    "limit": 1000,
                    "badges": {
                        "is_water": false,
                        "requires_age_check": false
                    },
                    "packaging": "Paquet-2",
                    "thumbnail": "https://prod-mercadona.imgix.net/20190521/17/7017/vlc1/7017_00_01.jpg?fit=crop&h=206&w=206",
                    "display_name": "Brou de peix Hacendado",
                    "bunch_selector": false,
                    "price_instructions": {
                        "iva": 10,
                        "is_new": false,
                        "is_pack": true,
                        "pack_size": 1.0,
                        "unit_name": "brics",
                        "unit_size": 2.0,
                        "bulk_price": "1.10",
                        "unit_price": "2.20",
                        "approx_size": false,
                        "size_format": "l",
                        "total_units": 2,
                        "unit_selector": true,
                        "bunch_selector": false,
                        "drained_weight": null,
                        "price_decreased": false,
                        "reference_price": "1.10",
                        "min_bunch_amount": 1.0,
                        "reference_format": "L",
                        "increment_bunch_amount": 1.0
                    }
                },
                {
                    "id": "7026",
                    "limit": 1000,
                    "badges": {
                        "is_water": false,
                        "requires_age_check": false
                    },
                    "packaging": "Bric",
                    "thumbnail": "https://prod-mercadona.imgix.net/20190521/26/7026/vlc1/7026_00_02.jpg?fit=crop&h=206&w=206",
                    "display_name": "Brou casolà d'olla Gallina Blanca",
                    "bunch_selector": false,
                    "price_instructions": {
                        "iva": 10,
                        "is_new": false,
                        "is_pack": false,
                        "pack_size": null,
                        "unit_name": null,
                        "unit_size": 1.0,
                        "bulk_price": "1.80",
                        "unit_price": "1.80",
                        "approx_size": false,
                        "size_format": "l",
                        "total_units": null,
                        "unit_selector": true,
                        "bunch_selector": false,
                        "drained_weight": null,
                        "price_decreased": false,
                        "reference_price": "1.80",
                        "min_bunch_amount": 1.0,
                        "reference_format": "L",
                        "increment_bunch_amount": 1.0
                    }
                },
                {
                    "id": "7031",
                    "limit": 1000,
                    "badges": {
                        "is_water": false,
                        "requires_age_check": false
                    },
                    "packaging": "Bric",
                    "thumbnail": "https://prod-mercadona.imgix.net/20190521/31/7031/vlc1/7031_00_02.jpg?fit=crop&h=206&w=206",
                    "display_name": "Brou de pollastre Hacendado baix en sal",
                    "bunch_selector": false,
                    "price_instructions": {
                        "iva": 10,
                        "is_new": false,
                        "is_pack": false,
                        "pack_size": null,
                        "unit_name": null,
                        "unit_size": 1.0,
                        "bulk_price": "1.05",
                        "unit_price": "1.05",
                        "approx_size": false,
                        "size_format": "l",
                        "total_units": null,
                        "unit_selector": true,
                        "bunch_selector": false,
                        "drained_weight": null,
                        "price_decreased": false,
                        "reference_price": "1.05",
                        "min_bunch_amount": 1.0,
                        "reference_format": "L",
                        "increment_bunch_amount": 1.0
                    }
                },
                {
                    "id": "7024",
                    "limit": 1000,
                    "badges": {
                        "is_water": false,
                        "requires_age_check": false
                    },
                    "packaging": "Bric",
                    "thumbnail": "https://prod-mercadona.imgix.net/20190521/24/7024/vlc1/7024_00_02.jpg?fit=crop&h=206&w=206",
                    "display_name": "Brou casolà de pollastre Gallina Blanca",
                    "bunch_selector": false,
                    "price_instructions": {
                        "iva": 10,
                        "is_new": false,
                        "is_pack": false,
                        "pack_size": null,
                        "unit_name": null,
                        "unit_size": 1.0,
                        "bulk_price": "1.80",
                        "unit_price": "1.80",
                        "approx_size": false,
                        "size_format": "l",
                        "total_units": null,
                        "unit_selector": true,
                        "bunch_selector": false,
                        "drained_weight": null,
                        "price_decreased": false,
                        "reference_price": "1.80",
                        "min_bunch_amount": 1.0,
                        "reference_format": "L",
                        "increment_bunch_amount": 1.0
                    }
                },
                {
                    "id": "8022",
                    "limit": 1000,
                    "badges": {
                        "is_water": false,
                        "requires_age_check": false
                    },
                    "packaging": "Paquet-2",
                    "thumbnail": "https://prod-mercadona.imgix.net/20190521/22/8022/vlc1/8022_00_00.jpg?fit=crop&h=206&w=206",
                    "display_name": "Sopa jardinera Hacendado",
                    "bunch_selector": false,
                    "price_instructions": {
                        "iva": 10,
                        "is_new": false,
                        "is_pack": true,
                        "pack_size": 0.08,
                        "unit_name": "sobres",
                        "unit_size": 0.16,
                        "bulk_price": "4.38",
                        "unit_price": "0.70",
                        "approx_size": false,
                        "size_format": "kg",
                        "total_units": 2,
                        "unit_selector": true,
                        "bunch_selector": false,
                        "drained_weight": null,
                        "price_decreased": false,
                        "reference_price": "4.38",
                        "min_bunch_amount": 1.0,
                        "reference_format": "kg",
                        "increment_bunch_amount": 1.0
                    }
                },
                {
                    "id": "8038",
                    "limit": 1000,
                    "badges": {
                        "is_water": false,
                        "requires_age_check": false
                    },
                    "packaging": "Paquet-2",
                    "thumbnail": "https://prod-mercadona.imgix.net/20190521/38/8038/vlc1/8038_00_02.jpg?fit=crop&h=206&w=206",
                    "display_name": "Sopa de ceba Hacendado",
                    "bunch_selector": false,
                    "price_instructions": {
                        "iva": 10,
                        "is_new": false,
                        "is_pack": true,
                        "pack_size": 0.05,
                        "unit_name": "sobres",
                        "unit_size": 0.1,
                        "bulk_price": "7.50",
                        "unit_price": "0.75",
                        "approx_size": false,
                        "size_format": "kg",
                        "total_units": 2,
                        "unit_selector": true,
                        "bunch_selector": false,
                        "drained_weight": null,
                        "price_decreased": false,
                        "reference_price": "7.50",
                        "min_bunch_amount": 1.0,
                        "reference_format": "kg",
                        "increment_bunch_amount": 1.0
                    }
                },
                {
                    "id": "8043",
                    "limit": 1000,
                    "badges": {
                        "is_water": false,
                        "requires_age_check": false
                    },
                    "packaging": "Sobre",
                    "thumbnail": "https://prod-mercadona.imgix.net/20190521/43/8043/vlc1/8043_00_02.jpg?fit=crop&h=206&w=206",
                    "display_name": "Sopa d'au Gallina Blanca amb fideus",
                    "bunch_selector": false,
                    "price_instructions": {
                        "iva": 10,
                        "is_new": false,
                        "is_pack": false,
                        "pack_size": null,
                        "unit_name": null,
                        "unit_size": 0.076,
                        "bulk_price": "7.24",
                        "unit_price": "0.55",
                        "approx_size": false,
                        "size_format": "kg",
                        "total_units": null,
                        "unit_selector": true,
                        "bunch_selector": false,
                        "drained_weight": null,
                        "price_decreased": false,
                        "reference_price": "7.24",
                        "min_bunch_amount": 1.0,
                        "reference_format": "kg",
                        "increment_bunch_amount": 1.0
                    }
                },
                {
                    "id": "8044",
                    "limit": 1000,
                    "badges": {
                        "is_water": false,
                        "requires_age_check": false
                    },
                    "packaging": "Sobre",
                    "thumbnail": "https://prod-mercadona.imgix.net/20190521/44/8044/vlc1/8044_00_02.jpg?fit=crop&h=206&w=206",
                    "display_name": "Sopa de pollastre Gallina Blanca amb fideus fins",
                    "bunch_selector": false,
                    "price_instructions": {
                        "iva": 10,
                        "is_new": false,
                        "is_pack": false,
                        "pack_size": null,
                        "unit_name": null,
                        "unit_size": 0.071,
                        "bulk_price": "7.75",
                        "unit_price": "0.55",
                        "approx_size": false,
                        "size_format": "kg",
                        "total_units": null,
                        "unit_selector": true,
                        "bunch_selector": false,
                        "drained_weight": null,
                        "price_decreased": false,
                        "reference_price": "7.75",
                        "min_bunch_amount": 1.0,
                        "reference_format": "kg",
                        "increment_bunch_amount": 1.0
                    }
                },
                {
                    "id": "8047",
                    "limit": 1000,
                    "badges": {
                        "is_water": false,
                        "requires_age_check": false
                    },
                    "packaging": "Paquet-2",
                    "thumbnail": "https://prod-mercadona.imgix.net/20190521/47/8047/vlc1/8047_00_02.jpg?fit=crop&h=206&w=206",
                    "display_name": "Sopa de pollastre Hacendado amb fideus fins",
                    "bunch_selector": false,
                    "price_instructions": {
                        "iva": 10,
                        "is_new": false,
                        "is_pack": true,
                        "pack_size": 0.071,
                        "unit_name": "sobres",
                        "unit_size": 0.142,
                        "bulk_price": "5.28",
                        "unit_price": "0.75",
                        "approx_size": false,
                        "size_format": "kg",
                        "total_units": 2,
                        "unit_selector": true,
                        "bunch_selector": false,
                        "drained_weight": null,
                        "price_decreased": false,
                        "reference_price": "5.28",
                        "min_bunch_amount": 1.0,
                        "reference_format": "kg",
                        "increment_bunch_amount": 1.0
                    }
                },
                {
                    "id": "8048",
                    "limit": 1000,
                    "badges": {
                        "is_water": false,
                        "requires_age_check": false
                    },
                    "packaging": "Paquet-2",
                    "thumbnail": "https://prod-mercadona.imgix.net/20190521/48/8048/vlc1/8048_00_02.jpg?fit=crop&h=206&w=206",
                    "display_name": "Sopa d'au Hacendado amb fideus",
                    "bunch_selector": false,
                    "price_instructions": {
                        "iva": 10,
                        "is_new": false,
                        "is_pack": true,
                        "pack_size": 0.082,
                        "unit_name": "sobres",
                        "unit_size": 0.164,
                        "bulk_price": "4.27",
                        "unit_price": "0.70",
                        "approx_size": false,
                        "size_format": "kg",
                        "total_units": 2,
                        "unit_selector": true,
                        "bunch_selector": false,
                        "drained_weight": null,
                        "price_decreased": false,
                        "reference_price": "4.27",
                        "min_bunch_amount": 1.0,
                        "reference_format": "kg",
                        "increment_bunch_amount": 1.0
                    }
                },
                {
                    "id": "8049",
                    "limit": 1000,
                    "badges": {
                        "is_water": false,
                        "requires_age_check": false
                    },
                    "packaging": "Paquet-2",
                    "thumbnail": "https://prod-mercadona.imgix.net/20190521/49/8049/vlc1/8049_00_02.jpg?fit=crop&h=206&w=206",
                    "display_name": "Sopa d'au Hacendado amb arròs",
                    "bunch_selector": false,
                    "price_instructions": {
                        "iva": 10,
                        "is_new": false,
                        "is_pack": true,
                        "pack_size": 0.085,
                        "unit_name": "sobres",
                        "unit_size": 0.17,
                        "bulk_price": "4.41",
                        "unit_price": "0.75",
                        "approx_size": false,
                        "size_format": "kg",
                        "total_units": 2,
                        "unit_selector": true,
                        "bunch_selector": false,
                        "drained_weight": null,
                        "price_decreased": false,
                        "reference_price": "4.41",
                        "min_bunch_amount": 1.0,
                        "reference_format": "kg",
                        "increment_bunch_amount": 1.0
                    }
                },
                {
                    "id": "8050",
                    "limit": 1000,
                    "badges": {
                        "is_water": false,
                        "requires_age_check": false
                    },
                    "packaging": "Paquet-2",
                    "thumbnail": "https://prod-mercadona.imgix.net/20190521/50/8050/vlc1/8050_00_02.jpg?fit=crop&h=206&w=206",
                    "display_name": "Sopa meravella Hacendado",
                    "bunch_selector": false,
                    "price_instructions": {
                        "iva": 10,
                        "is_new": false,
                        "is_pack": true,
                        "pack_size": 0.091,
                        "unit_name": "sobres",
                        "unit_size": 0.182,
                        "bulk_price": "3.85",
                        "unit_price": "0.70",
                        "approx_size": false,
                        "size_format": "kg",
                        "total_units": 2,
                        "unit_selector": true,
                        "bunch_selector": false,
                        "drained_weight": null,
                        "price_decreased": false,
                        "reference_price": "3.85",
                        "min_bunch_amount": 1.0,
                        "reference_format": "kg",
                        "increment_bunch_amount": 1.0
                    }
                },
                {
                    "id": "8052",
                    "limit": 1000,
                    "badges": {
                        "is_water": false,
                        "requires_age_check": false
                    },
                    "packaging": "Paquet-2",
                    "thumbnail": "https://prod-mercadona.imgix.net/20190521/52/8052/vlc1/8052_00_02.jpg?fit=crop&h=206&w=206",
                    "display_name": "Sopa de carn Hacendado amb estrelletes",
                    "bunch_selector": false,
                    "price_instructions": {
                        "iva": 10,
                        "is_new": false,
                        "is_pack": true,
                        "pack_size": 0.077,
                        "unit_name": "sobres",
                        "unit_size": 0.154,
                        "bulk_price": "4.87",
                        "unit_price": "0.75",
                        "approx_size": false,
                        "size_format": "kg",
                        "total_units": 2,
                        "unit_selector": true,
                        "bunch_selector": false,
                        "drained_weight": null,
                        "price_decreased": false,
                        "reference_price": "4.87",
                        "min_bunch_amount": 1.0,
                        "reference_format": "kg",
                        "increment_bunch_amount": 1.0
                    }
                },
                {
                    "id": "8524",
                    "limit": 1000,
                    "badges": {
                        "is_water": false,
                        "requires_age_check": false
                    },
                    "packaging": "Capsa",
                    "thumbnail": "https://prod-mercadona.imgix.net/20190521/24/8524/vlc1/8524_00_02.jpg?fit=crop&h=206&w=206",
                    "display_name": "Sopa instantània de pollastre i pasta Hacendado",
                    "bunch_selector": false,
                    "price_instructions": {
                        "iva": 10,
                        "is_new": false,
                        "is_pack": false,
                        "pack_size": null,
                        "unit_name": "sobres",
                        "unit_size": 0.039,
                        "bulk_price": "16.67",
                        "unit_price": "0.65",
                        "approx_size": false,
                        "size_format": "kg",
                        "total_units": 3,
                        "unit_selector": true,
                        "bunch_selector": false,
                        "drained_weight": null,
                        "price_decreased": false,
                        "reference_price": "1.67",
                        "min_bunch_amount": 1.0,
                        "reference_format": "100 g",
                        "increment_bunch_amount": 1.0
                    }
                },
                {
                    "id": "7016",
                    "limit": 1000,
                    "badges": {
                        "is_water": false,
                        "requires_age_check": false
                    },
                    "packaging": "Paquet-2",
                    "thumbnail": "https://prod-mercadona.imgix.net/20190521/16/7016/vlc1/7016_00_01.jpg?fit=crop&h=206&w=206",
                    "display_name": "Brou de pollastre Hacendado",
                    "bunch_selector": false,
                    "price_instructions": {
                        "iva": 10,
                        "is_new": false,
                        "is_pack": true,
                        "pack_size": 1.0,
                        "unit_name": "brics",
                        "unit_size": 2.0,
                        "bulk_price": "0.82",
                        "unit_price": "1.64",
                        "approx_size": false,
                        "size_format": "l",
                        "total_units": 2,
                        "unit_selector": true,
                        "bunch_selector": false,
                        "drained_weight": null,
                        "price_decreased": false,
                        "reference_price": "0.82",
                        "min_bunch_amount": 1.0,
                        "reference_format": "L",
                        "increment_bunch_amount": 1.0
                    }
                },
                {
                    "id": "7021",
                    "limit": 1000,
                    "badges": {
                        "is_water": false,
                        "requires_age_check": false
                    },
                    "packaging": "Bric",
                    "thumbnail": "https://prod-mercadona.imgix.net/20190521/21/7021/vlc1/7021_00_02.jpg?fit=crop&h=206&w=206",
                    "display_name": "Brou per a paella de marisc o fideuada Hacendado amb sofregit",
                    "bunch_selector": false,
                    "price_instructions": {
                        "iva": 10,
                        "is_new": false,
                        "is_pack": false,
                        "pack_size": null,
                        "unit_name": null,
                        "unit_size": 1.0,
                        "bulk_price": "1.95",
                        "unit_price": "1.95",
                        "approx_size": false,
                        "size_format": "l",
                        "total_units": null,
                        "unit_selector": true,
                        "bunch_selector": false,
                        "drained_weight": null,
                        "price_decreased": false,
                        "reference_price": "1.95",
                        "min_bunch_amount": 1.0,
                        "reference_format": "L",
                        "increment_bunch_amount": 1.0
                    }
                },
                {
                    "id": "7029",
                    "limit": 1000,
                    "badges": {
                        "is_water": false,
                        "requires_age_check": false
                    },
                    "packaging": "Bric",
                    "thumbnail": "https://prod-mercadona.imgix.net/20190521/29/7029/vlc1/7029_00_02.jpg?fit=crop&h=206&w=206",
                    "display_name": "Brou casolà de carn Gallina Blanca",
                    "bunch_selector": false,
                    "price_instructions": {
                        "iva": 10,
                        "is_new": false,
                        "is_pack": false,
                        "pack_size": null,
                        "unit_name": null,
                        "unit_size": 1.0,
                        "bulk_price": "1.80",
                        "unit_price": "1.80",
                        "approx_size": false,
                        "size_format": "l",
                        "total_units": null,
                        "unit_selector": true,
                        "bunch_selector": false,
                        "drained_weight": null,
                        "price_decreased": false,
                        "reference_price": "1.80",
                        "min_bunch_amount": 1.0,
                        "reference_format": "L",
                        "increment_bunch_amount": 1.0
                    }
                },
                {
                    "id": "7032",
                    "limit": 1000,
                    "badges": {
                        "is_water": false,
                        "requires_age_check": false
                    },
                    "packaging": "Bric",
                    "thumbnail": "https://prod-mercadona.imgix.net/20190521/32/7032/vlc1/7032_00_04.jpg?fit=crop&h=206&w=206",
                    "display_name": "Brou de verdures Hacendado",
                    "bunch_selector": false,
                    "price_instructions": {
                        "iva": 10,
                        "is_new": false,
                        "is_pack": false,
                        "pack_size": null,
                        "unit_name": null,
                        "unit_size": 1.0,
                        "bulk_price": "1.00",
                        "unit_price": "1.00",
                        "approx_size": false,
                        "size_format": "l",
                        "total_units": null,
                        "unit_selector": true,
                        "bunch_selector": false,
                        "drained_weight": null,
                        "price_decreased": false,
                        "reference_price": "1.00",
                        "min_bunch_amount": 1.0,
                        "reference_format": "L",
                        "increment_bunch_amount": 1.0
                    }
                },
                {
                    "id": "7014",
                    "limit": 1000,
                    "badges": {
                        "is_water": false,
                        "requires_age_check": false
                    },
                    "packaging": "Capsa",
                    "thumbnail": "https://prod-mercadona.imgix.net/20190521/14/7014/vlc1/7014_00_02.jpg?fit=crop&h=206&w=206",
                    "display_name": "Brou de pollastre Avecrem en pastilles",
                    "bunch_selector": false,
                    "price_instructions": {
                        "iva": 10,
                        "is_new": false,
                        "is_pack": false,
                        "pack_size": null,
                        "unit_name": "u.",
                        "unit_size": 0.24,
                        "bulk_price": "0.22",
                        "unit_price": "2.60",
                        "approx_size": false,
                        "size_format": "l",
                        "total_units": 24,
                        "unit_selector": true,
                        "bunch_selector": false,
                        "drained_weight": null,
                        "price_decreased": false,
                        "reference_price": "0.22",
                        "min_bunch_amount": 1.0,
                        "reference_format": "L",
                        "increment_bunch_amount": 1.0
                    }
                },
                {
                    "id": "7305",
                    "limit": 1000,
                    "badges": {
                        "is_water": false,
                        "requires_age_check": false
                    },
                    "packaging": "Capsa",
                    "thumbnail": "https://prod-mercadona.imgix.net/20190521/05/7305/vlc1/7305_00_02.jpg?fit=crop&h=206&w=206",
                    "display_name": "Brou de peix Hacendado en pastilles",
                    "bunch_selector": false,
                    "price_instructions": {
                        "iva": 10,
                        "is_new": false,
                        "is_pack": false,
                        "pack_size": null,
                        "unit_name": "u.",
                        "unit_size": 0.12,
                        "bulk_price": "4.17",
                        "unit_price": "0.50",
                        "approx_size": false,
                        "size_format": "kg",
                        "total_units": 12,
                        "unit_selector": true,
                        "bunch_selector": false,
                        "drained_weight": null,
                        "price_decreased": false,
                        "reference_price": "4.17",
                        "min_bunch_amount": 1.0,
                        "reference_format": "kg",
                        "increment_bunch_amount": 1.0
                    }
                },
                {
                    "id": "7310",
                    "limit": 1000,
                    "badges": {
                        "is_water": false,
                        "requires_age_check": false
                    },
                    "packaging": "Capsa",
                    "thumbnail": "https://prod-mercadona.imgix.net/20190521/10/7310/vlc1/7310_00_02.jpg?fit=crop&h=206&w=206",
                    "display_name": "Brou de pollastre en pastilles",
                    "bunch_selector": false,
                    "price_instructions": {
                        "iva": 10,
                        "is_new": false,
                        "is_pack": false,
                        "pack_size": null,
                        "unit_name": "u.",
                        "unit_size": 0.24,
                        "bulk_price": "3.42",
                        "unit_price": "0.82",
                        "approx_size": false,
                        "size_format": "kg",
                        "total_units": 24,
                        "unit_selector": true,
                        "bunch_selector": false,
                        "drained_weight": null,
                        "price_decreased": false,
                        "reference_price": "3.42",
                        "min_bunch_amount": 1.0,
                        "reference_format": "kg",
                        "increment_bunch_amount": 1.0
                    }
                },
                {
                    "id": "7311",
                    "limit": 1000,
                    "badges": {
                        "is_water": false,
                        "requires_age_check": false
                    },
                    "packaging": "Capsa",
                    "thumbnail": "https://prod-mercadona.imgix.net/20190521/11/7311/vlc1/7311_00_02.jpg?fit=crop&h=206&w=206",
                    "display_name": "Brou de carn Hacendado en pastilles",
                    "bunch_selector": false,
                    "price_instructions": {
                        "iva": 10,
                        "is_new": false,
                        "is_pack": false,
                        "pack_size": null,
                        "unit_name": "u.",
                        "unit_size": 0.24,
                        "bulk_price": "3.42",
                        "unit_price": "0.82",
                        "approx_size": false,
                        "size_format": "kg",
                        "total_units": 24,
                        "unit_selector": true,
                        "bunch_selector": false,
                        "drained_weight": null,
                        "price_decreased": false,
                        "reference_price": "3.42",
                        "min_bunch_amount": 1.0,
                        "reference_format": "kg",
                        "increment_bunch_amount": 1.0
                    }
                },
                {
                    "id": "7328",
                    "limit": 1000,
                    "badges": {
                        "is_water": false,
                        "requires_age_check": false
                    },
                    "packaging": "Bric",
                    "thumbnail": "https://prod-mercadona.imgix.net/20190521/28/7328/vlc1/7328_00_02.jpg?fit=crop&h=206&w=206",
                    "display_name": "Brou d'olla Hacendado",
                    "bunch_selector": false,
                    "price_instructions": {
                        "iva": 10,
                        "is_new": false,
                        "is_pack": false,
                        "pack_size": null,
                        "unit_name": null,
                        "unit_size": 1.0,
                        "bulk_price": "0.90",
                        "unit_price": "0.90",
                        "approx_size": false,
                        "size_format": "l",
                        "total_units": null,
                        "unit_selector": true,
                        "bunch_selector": false,
                        "drained_weight": null,
                        "price_decreased": false,
                        "reference_price": "0.90",
                        "min_bunch_amount": 1.0,
                        "reference_format": "L",
                        "increment_bunch_amount": 1.0
                    }
                },
                {
                    "id": "7321",
                    "limit": 1000,
                    "badges": {
                        "is_water": false,
                        "requires_age_check": false
                    },
                    "packaging": "Capsa",
                    "thumbnail": "https://prod-mercadona.imgix.net/20190521/21/7321/vlc1/7321_00_02.jpg?fit=crop&h=206&w=206",
                    "display_name": "Brou gustos all i julivert Hacendado en pastilles",
                    "bunch_selector": false,
                    "price_instructions": {
                        "iva": 10,
                        "is_new": false,
                        "is_pack": false,
                        "pack_size": null,
                        "unit_name": "u.",
                        "unit_size": 0.08,
                        "bulk_price": "10.62",
                        "unit_price": "0.85",
                        "approx_size": false,
                        "size_format": "kg",
                        "total_units": 8,
                        "unit_selector": true,
                        "bunch_selector": false,
                        "drained_weight": null,
                        "price_decreased": false,
                        "reference_price": "10.62",
                        "min_bunch_amount": 1.0,
                        "reference_format": "kg",
                        "increment_bunch_amount": 1.0
                    }
                },
                {
                    "id": "7327",
                    "limit": 1000,
                    "badges": {
                        "is_water": false,
                        "requires_age_check": false
                    },
                    "packaging": "Capsa",
                    "thumbnail": "https://prod-mercadona.imgix.net/20190521/27/7327/vlc1/7327_00_02.jpg?fit=crop&h=206&w=206",
                    "display_name": "Brou de verdures en pastilles",
                    "bunch_selector": false,
                    "price_instructions": {
                        "iva": 10,
                        "is_new": false,
                        "is_pack": false,
                        "pack_size": null,
                        "unit_name": "u.",
                        "unit_size": 0.12,
                        "bulk_price": "3.67",
                        "unit_price": "0.44",
                        "approx_size": false,
                        "size_format": "kg",
                        "total_units": 12,
                        "unit_selector": true,
                        "bunch_selector": false,
                        "drained_weight": null,
                        "price_decreased": false,
                        "reference_price": "3.67",
                        "min_bunch_amount": 1.0,
                        "reference_format": "kg",
                        "increment_bunch_amount": 1.0
                    }
                },
                {
                    "id": "7330",
                    "limit": 1000,
                    "badges": {
                        "is_water": false,
                        "requires_age_check": false
                    },
                    "packaging": "Capsa",
                    "thumbnail": "https://prod-mercadona.imgix.net/20190521/30/7330/vlc1/7330_00_07.jpg?fit=crop&h=206&w=206",
                    "display_name": "Brou de pollastre reduït en sal Hacendado en pastilles",
                    "bunch_selector": false,
                    "price_instructions": {
                        "iva": 10,
                        "is_new": false,
                        "is_pack": false,
                        "pack_size": null,
                        "unit_name": "u.",
                        "unit_size": 0.12,
                        "bulk_price": "5.83",
                        "unit_price": "0.70",
                        "approx_size": false,
                        "size_format": "kg",
                        "total_units": 12,
                        "unit_selector": true,
                        "bunch_selector": false,
                        "drained_weight": null,
                        "price_decreased": false,
                        "reference_price": "5.83",
                        "min_bunch_amount": 1.0,
                        "reference_format": "kg",
                        "increment_bunch_amount": 1.0
                    }
                },
                {
                    "id": "7331",
                    "limit": 1000,
                    "badges": {
                        "is_water": false,
                        "requires_age_check": false
                    },
                    "packaging": "Capsa",
                    "thumbnail": "https://prod-mercadona.imgix.net/20190521/31/7331/vlc1/7331_00_02.jpg?fit=crop&h=206&w=206",
                    "display_name": "Doble brou gust clàssic carn Knorr en pastilles",
                    "bunch_selector": false,
                    "price_instructions": {
                        "iva": 10,
                        "is_new": false,
                        "is_pack": false,
                        "pack_size": null,
                        "unit_name": "u.",
                        "unit_size": 0.16,
                        "bulk_price": "7.81",
                        "unit_price": "1.25",
                        "approx_size": false,
                        "size_format": "kg",
                        "total_units": 16,
                        "unit_selector": true,
                        "bunch_selector": false,
                        "drained_weight": null,
                        "price_decreased": false,
                        "reference_price": "7.81",
                        "min_bunch_amount": 1.0,
                        "reference_format": "kg",
                        "increment_bunch_amount": 1.0
                    }
                }
            ],
            "is_extended": false
        },
        {
            "id": 126,
            "name": "Tomàquet",
            "layout": 1,
            "products": [
                {
                    "id": "16036",
                    "limit": 1000,
                    "badges": {
                        "is_water": false,
                        "requires_age_check": false
                    },
                    "packaging": "Pot",
                    "thumbnail": "https://prod-mercadona.imgix.net/20190521/36/16036/vlc1/16036_00_02.jpg?fit=crop&h=206&w=206",
                    "display_name": "Tomàquet sencer pelat Hacendado",
                    "bunch_selector": false,
                    "price_instructions": {
                        "iva": 10,
                        "is_new": false,
                        "is_pack": false,
                        "pack_size": null,
                        "unit_name": null,
                        "unit_size": 0.4,
                        "bulk_price": "1.22",
                        "unit_price": "0.50",
                        "approx_size": false,
                        "size_format": "kg",
                        "total_units": null,
                        "unit_selector": true,
                        "bunch_selector": false,
                        "drained_weight": 0.24,
                        "price_decreased": false,
                        "reference_price": "2.08",
                        "min_bunch_amount": 1.0,
                        "reference_format": "kg",
                        "increment_bunch_amount": 1.0
                    }
                },
                {
                    "id": "16010",
                    "limit": 1000,
                    "badges": {
                        "is_water": false,
                        "requires_age_check": false
                    },
                    "packaging": "Pot",
                    "thumbnail": "https://prod-mercadona.imgix.net/20190521/10/16010/vlc1/16010_00_02.jpg?fit=crop&h=206&w=206",
                    "display_name": "Tomàquet amb pebrot verd Hacendado",
                    "bunch_selector": false,
                    "price_instructions": {
                        "iva": 10,
                        "is_new": false,
                        "is_pack": false,
                        "pack_size": null,
                        "unit_name": null,
                        "unit_size": 0.4,
                        "bulk_price": "2.38",
                        "unit_price": "0.95",
                        "approx_size": false,
                        "size_format": "kg",
                        "total_units": null,
                        "unit_selector": true,
                        "bunch_selector": false,
                        "drained_weight": null,
                        "price_decreased": false,
                        "reference_price": "2.38",
                        "min_bunch_amount": 1.0,
                        "reference_format": "kg",
                        "increment_bunch_amount": 1.0
                    }
                },
                {
                    "id": "16012",
                    "limit": 1000,
                    "badges": {
                        "is_water": false,
                        "requires_age_check": false
                    },
                    "packaging": "Bric",
                    "thumbnail": "https://prod-mercadona.imgix.net/20190521/12/16012/vlc1/16012_00_02.jpg?fit=crop&h=206&w=206",
                    "display_name": "Tomàquet tamisat sense pell Hacendado",
                    "bunch_selector": false,
                    "price_instructions": {
                        "iva": 10,
                        "is_new": false,
                        "is_pack": false,
                        "pack_size": null,
                        "unit_name": null,
                        "unit_size": 0.39,
                        "bulk_price": "1.79",
                        "unit_price": "0.70",
                        "approx_size": false,
                        "size_format": "kg",
                        "total_units": null,
                        "unit_selector": true,
                        "bunch_selector": false,
                        "drained_weight": null,
                        "price_decreased": false,
                        "reference_price": "1.80",
                        "min_bunch_amount": 1.0,
                        "reference_format": "kg",
                        "increment_bunch_amount": 1.0
                    }
                },
                {
                    "id": "16015",
                    "limit": 1000,
                    "badges": {
                        "is_water": false,
                        "requires_age_check": false
                    },
                    "packaging": "Pot",
                    "thumbnail": "https://prod-mercadona.imgix.net/20190521/15/16015/vlc1/16015_00_02.jpg?fit=crop&h=206&w=206",
                    "display_name": "Tomàquet sec en oli",
                    "bunch_selector": false,
                    "price_instructions": {
                        "iva": 10,
                        "is_new": false,
                        "is_pack": false,
                        "pack_size": null,
                        "unit_name": null,
                        "unit_size": 0.19,
                        "bulk_price": "10.53",
                        "unit_price": "2.00",
                        "approx_size": false,
                        "size_format": "kg",
                        "total_units": null,
                        "unit_selector": true,
                        "bunch_selector": false,
                        "drained_weight": 0.095,
                        "price_decreased": false,
                        "reference_price": "21.05",
                        "min_bunch_amount": 1.0,
                        "reference_format": "kg",
                        "increment_bunch_amount": 1.0
                    }
                },
                {
                    "id": "16035",
                    "limit": 1000,
                    "badges": {
                        "is_water": false,
                        "requires_age_check": false
                    },
                    "packaging": "Pot",
                    "thumbnail": "https://prod-mercadona.imgix.net/20190521/35/16035/vlc1/16035_00_02.jpg?fit=crop&h=206&w=206",
                    "display_name": "Tomàquet sencer pelat Hacendado",
                    "bunch_selector": false,
                    "price_instructions": {
                        "iva": 10,
                        "is_new": false,
                        "is_pack": false,
                        "pack_size": null,
                        "unit_name": null,
                        "unit_size": 0.8,
                        "bulk_price": "1.07",
                        "unit_price": "0.88",
                        "approx_size": false,
                        "size_format": "kg",
                        "total_units": null,
                        "unit_selector": true,
                        "bunch_selector": false,
                        "drained_weight": 0.48,
                        "price_decreased": false,
                        "reference_price": "1.83",
                        "min_bunch_amount": 1.0,
                        "reference_format": "kg",
                        "increment_bunch_amount": 1.0
                    }
                },
                {
                    "id": "16074",
                    "limit": 1000,
                    "badges": {
                        "is_water": false,
                        "requires_age_check": false
                    },
                    "packaging": "Pot",
                    "thumbnail": "https://prod-mercadona.imgix.net/20190521/74/16074/vlc1/16074_00_02.jpg?fit=crop&h=206&w=206",
                    "display_name": "Tomàquet doble concentrat Hacendado extra",
                    "bunch_selector": false,
                    "price_instructions": {
                        "iva": 10,
                        "is_new": false,
                        "is_pack": false,
                        "pack_size": null,
                        "unit_name": null,
                        "unit_size": 0.17,
                        "bulk_price": "4.59",
                        "unit_price": "0.78",
                        "approx_size": false,
                        "size_format": "kg",
                        "total_units": null,
                        "unit_selector": true,
                        "bunch_selector": false,
                        "drained_weight": null,
                        "price_decreased": false,
                        "reference_price": "4.59",
                        "min_bunch_amount": 1.0,
                        "reference_format": "kg",
                        "increment_bunch_amount": 1.0
                    }
                },
                {
                    "id": "17112",
                    "limit": 1000,
                    "badges": {
                        "is_water": false,
                        "requires_age_check": false
                    },
                    "packaging": "Bric",
                    "thumbnail": "https://prod-mercadona.imgix.net/20190521/12/17112/vlc1/17112_00_02.jpg?fit=crop&h=206&w=206",
                    "display_name": "Fritada samfaina Hacendado",
                    "bunch_selector": false,
                    "price_instructions": {
                        "iva": 10,
                        "is_new": false,
                        "is_pack": false,
                        "pack_size": null,
                        "unit_name": null,
                        "unit_size": 0.38,
                        "bulk_price": "2.50",
                        "unit_price": "0.95",
                        "approx_size": false,
                        "size_format": "kg",
                        "total_units": null,
                        "unit_selector": true,
                        "bunch_selector": false,
                        "drained_weight": null,
                        "price_decreased": false,
                        "reference_price": "2.50",
                        "min_bunch_amount": 1.0,
                        "reference_format": "kg",
                        "increment_bunch_amount": 1.0
                    }
                },
                {
                    "id": "16017",
                    "limit": 1000,
                    "badges": {
                        "is_water": false,
                        "requires_age_check": false
                    },
                    "packaging": "Pot",
                    "thumbnail": "https://prod-mercadona.imgix.net/20190521/17/16017/vlc1/16017_00_02.jpg?fit=crop&h=206&w=206",
                    "display_name": "Tomàquet triturat Hacendado",
                    "bunch_selector": false,
                    "price_instructions": {
                        "iva": 10,
                        "is_new": false,
                        "is_pack": false,
                        "pack_size": null,
                        "unit_name": null,
                        "unit_size": 0.8,
                        "bulk_price": "0.91",
                        "unit_price": "0.73",
                        "approx_size": false,
                        "size_format": "kg",
                        "total_units": null,
                        "unit_selector": true,
                        "bunch_selector": false,
                        "drained_weight": null,
                        "price_decreased": false,
                        "reference_price": "0.91",
                        "min_bunch_amount": 1.0,
                        "reference_format": "kg",
                        "increment_bunch_amount": 1.0
                    }
                },
                {
                    "id": "16018",
                    "limit": 1000,
                    "badges": {
                        "is_water": false,
                        "requires_age_check": false
                    },
                    "packaging": "Pot",
                    "thumbnail": "https://prod-mercadona.imgix.net/20190521/18/16018/vlc1/16018_00_02.jpg?fit=crop&h=206&w=206",
                    "display_name": "Tomàquet trossejat pelat Hacendado",
                    "bunch_selector": false,
                    "price_instructions": {
                        "iva": 10,
                        "is_new": false,
                        "is_pack": false,
                        "pack_size": null,
                        "unit_name": null,
                        "unit_size": 0.41,
                        "bulk_price": "1.51",
                        "unit_price": "0.62",
                        "approx_size": false,
                        "size_format": "kg",
                        "total_units": null,
                        "unit_selector": true,
                        "bunch_selector": false,
                        "drained_weight": null,
                        "price_decreased": false,
                        "reference_price": "1.51",
                        "min_bunch_amount": 1.0,
                        "reference_format": "kg",
                        "increment_bunch_amount": 1.0
                    }
                },
                {
                    "id": "16016",
                    "limit": 1000,
                    "badges": {
                        "is_water": false,
                        "requires_age_check": false
                    },
                    "packaging": "Pot",
                    "thumbnail": "https://prod-mercadona.imgix.net/20190521/16/16016/vlc1/16016_00_02.jpg?fit=crop&h=206&w=206",
                    "display_name": "Tomàquet triturat Hacendado",
                    "bunch_selector": false,
                    "price_instructions": {
                        "iva": 10,
                        "is_new": false,
                        "is_pack": false,
                        "pack_size": null,
                        "unit_name": null,
                        "unit_size": 0.4,
                        "bulk_price": "1.08",
                        "unit_price": "0.43",
                        "approx_size": false,
                        "size_format": "kg",
                        "total_units": null,
                        "unit_selector": true,
                        "bunch_selector": false,
                        "drained_weight": null,
                        "price_decreased": false,
                        "reference_price": "1.08",
                        "min_bunch_amount": 1.0,
                        "reference_format": "kg",
                        "increment_bunch_amount": 1.0
                    }
                },
                {
                    "id": "16004",
                    "limit": 1000,
                    "badges": {
                        "is_water": false,
                        "requires_age_check": false
                    },
                    "packaging": "Paquet-2",
                    "thumbnail": "https://prod-mercadona.imgix.net/20190521/04/16004/vlc1/16004_00_02.jpg?fit=crop&h=206&w=206",
                    "display_name": "Tomàquet per untar Hacendado amb oli d'oliva",
                    "bunch_selector": false,
                    "price_instructions": {
                        "iva": 10,
                        "is_new": false,
                        "is_pack": true,
                        "pack_size": 0.16,
                        "unit_name": "potets",
                        "unit_size": 0.32,
                        "bulk_price": "4.53",
                        "unit_price": "1.45",
                        "approx_size": false,
                        "size_format": "kg",
                        "total_units": 2,
                        "unit_selector": true,
                        "bunch_selector": false,
                        "drained_weight": null,
                        "price_decreased": false,
                        "reference_price": "4.53",
                        "min_bunch_amount": 1.0,
                        "reference_format": "kg",
                        "increment_bunch_amount": 1.0
                    }
                },
                {
                    "id": "17132",
                    "limit": 1000,
                    "badges": {
                        "is_water": false,
                        "requires_age_check": false
                    },
                    "packaging": "Paquet-3",
                    "thumbnail": "https://prod-mercadona.imgix.net/20190521/32/17132/vlc1/17132_00_01.jpg?fit=crop&h=206&w=206",
                    "display_name": "Tomàquet fregit Hacendado",
                    "bunch_selector": false,
                    "price_instructions": {
                        "iva": 10,
                        "is_new": false,
                        "is_pack": true,
                        "pack_size": 0.4,
                        "unit_name": "brics",
                        "unit_size": 1.2,
                        "bulk_price": "0.83",
                        "unit_price": "1.00",
                        "approx_size": false,
                        "size_format": "kg",
                        "total_units": 3,
                        "unit_selector": true,
                        "bunch_selector": false,
                        "drained_weight": null,
                        "price_decreased": false,
                        "reference_price": "0.83",
                        "min_bunch_amount": 1.0,
                        "reference_format": "kg",
                        "increment_bunch_amount": 1.0
                    }
                },
                {
                    "id": "17163",
                    "limit": 1000,
                    "badges": {
                        "is_water": false,
                        "requires_age_check": false
                    },
                    "packaging": "Pot",
                    "thumbnail": "https://prod-mercadona.imgix.net/20190521/63/17163/vlc1/17163_00_02.jpg?fit=crop&h=206&w=206",
                    "display_name": "Tomàquet fregit recepta artesana Hacendado",
                    "bunch_selector": false,
                    "price_instructions": {
                        "iva": 10,
                        "is_new": false,
                        "is_pack": false,
                        "pack_size": null,
                        "unit_name": null,
                        "unit_size": 0.56,
                        "bulk_price": "3.04",
                        "unit_price": "1.70",
                        "approx_size": false,
                        "size_format": "kg",
                        "total_units": null,
                        "unit_selector": true,
                        "bunch_selector": false,
                        "drained_weight": null,
                        "price_decreased": false,
                        "reference_price": "3.04",
                        "min_bunch_amount": 1.0,
                        "reference_format": "kg",
                        "increment_bunch_amount": 1.0
                    }
                },
                {
                    "id": "17151",
                    "limit": 1000,
                    "badges": {
                        "is_water": false,
                        "requires_age_check": false
                    },
                    "packaging": "Paquet-3",
                    "thumbnail": "https://prod-mercadona.imgix.net/20190521/51/17151/vlc1/17151_00_01.jpg?fit=crop&h=206&w=206",
                    "display_name": "Tomàquet fregit Hacendado",
                    "bunch_selector": false,
                    "price_instructions": {
                        "iva": 10,
                        "is_new": false,
                        "is_pack": true,
                        "pack_size": 0.21,
                        "unit_name": "brics petits",
                        "unit_size": 0.63,
                        "bulk_price": "1.27",
                        "unit_price": "0.80",
                        "approx_size": false,
                        "size_format": "kg",
                        "total_units": 3,
                        "unit_selector": true,
                        "bunch_selector": false,
                        "drained_weight": null,
                        "price_decreased": false,
                        "reference_price": "1.27",
                        "min_bunch_amount": 1.0,
                        "reference_format": "kg",
                        "increment_bunch_amount": 1.0
                    }
                },
                {
                    "id": "17128",
                    "limit": 1000,
                    "badges": {
                        "is_water": false,
                        "requires_age_check": false
                    },
                    "packaging": "Paquet-3",
                    "thumbnail": "https://prod-mercadona.imgix.net/20190521/28/17128/vlc1/17128_00_01.jpg?fit=crop&h=206&w=206",
                    "display_name": "Tomàquet fregit Hacendado amb oli d'oliva",
                    "bunch_selector": false,
                    "price_instructions": {
                        "iva": 10,
                        "is_new": false,
                        "is_pack": true,
                        "pack_size": 0.21,
                        "unit_name": "brics petits",
                        "unit_size": 0.63,
                        "bulk_price": "1.46",
                        "unit_price": "0.92",
                        "approx_size": false,
                        "size_format": "kg",
                        "total_units": 3,
                        "unit_selector": true,
                        "bunch_selector": false,
                        "drained_weight": null,
                        "price_decreased": false,
                        "reference_price": "1.46",
                        "min_bunch_amount": 1.0,
                        "reference_format": "kg",
                        "increment_bunch_amount": 1.0
                    }
                },
                {
                    "id": "17110",
                    "limit": 1000,
                    "badges": {
                        "is_water": false,
                        "requires_age_check": false
                    },
                    "packaging": "Pot",
                    "thumbnail": "https://prod-mercadona.imgix.net/20190521/10/17110/vlc1/17110_00_02.jpg?fit=crop&h=206&w=206",
                    "display_name": "Tomàquet fregit Hida",
                    "bunch_selector": false,
                    "price_instructions": {
                        "iva": 10,
                        "is_new": false,
                        "is_pack": false,
                        "pack_size": null,
                        "unit_name": null,
                        "unit_size": 0.4,
                        "bulk_price": "2.95",
                        "unit_price": "1.18",
                        "approx_size": false,
                        "size_format": "kg",
                        "total_units": null,
                        "unit_selector": true,
                        "bunch_selector": false,
                        "drained_weight": null,
                        "price_decreased": false,
                        "reference_price": "2.95",
                        "min_bunch_amount": 1.0,
                        "reference_format": "kg",
                        "increment_bunch_amount": 1.0
                    }
                },
                {
                    "id": "17153",
                    "limit": 1000,
                    "badges": {
                        "is_water": false,
                        "requires_age_check": false
                    },
                    "packaging": "Bric",
                    "thumbnail": "https://prod-mercadona.imgix.net/20190521/53/17153/vlc1/17153_00_02.jpg?fit=crop&h=206&w=206",
                    "display_name": "Tomàquet fregit estil casolà Hacendado",
                    "bunch_selector": false,
                    "price_instructions": {
                        "iva": 10,
                        "is_new": false,
                        "is_pack": false,
                        "pack_size": null,
                        "unit_name": null,
                        "unit_size": 0.38,
                        "bulk_price": "2.45",
                        "unit_price": "0.93",
                        "approx_size": false,
                        "size_format": "kg",
                        "total_units": null,
                        "unit_selector": true,
                        "bunch_selector": false,
                        "drained_weight": null,
                        "price_decreased": false,
                        "reference_price": "2.45",
                        "min_bunch_amount": 1.0,
                        "reference_format": "kg",
                        "increment_bunch_amount": 1.0
                    }
                },
                {
                    "id": "17108",
                    "limit": 1000,
                    "badges": {
                        "is_water": false,
                        "requires_age_check": false
                    },
                    "packaging": "Pot",
                    "thumbnail": "https://prod-mercadona.imgix.net/20190521/08/17108/vlc1/17108_00_02.jpg?fit=crop&h=206&w=206",
                    "display_name": "Tomàquet fregit Hacendado",
                    "bunch_selector": false,
                    "price_instructions": {
                        "iva": 10,
                        "is_new": false,
                        "is_pack": false,
                        "pack_size": null,
                        "unit_name": null,
                        "unit_size": 0.56,
                        "bulk_price": "1.21",
                        "unit_price": "0.68",
                        "approx_size": false,
                        "size_format": "kg",
                        "total_units": null,
                        "unit_selector": true,
                        "bunch_selector": false,
                        "drained_weight": null,
                        "price_decreased": false,
                        "reference_price": "1.21",
                        "min_bunch_amount": 1.0,
                        "reference_format": "kg",
                        "increment_bunch_amount": 1.0
                    }
                },
                {
                    "id": "17131",
                    "limit": 1000,
                    "badges": {
                        "is_water": false,
                        "requires_age_check": false
                    },
                    "packaging": "Pot",
                    "thumbnail": "https://prod-mercadona.imgix.net/20190521/31/17131/vlc1/17131_00_02.jpg?fit=crop&h=206&w=206",
                    "display_name": "Tomàquet fregit recepta artesana Hacendado",
                    "bunch_selector": false,
                    "price_instructions": {
                        "iva": 10,
                        "is_new": false,
                        "is_pack": false,
                        "pack_size": null,
                        "unit_name": null,
                        "unit_size": 0.3,
                        "bulk_price": "4.27",
                        "unit_price": "1.28",
                        "approx_size": false,
                        "size_format": "kg",
                        "total_units": null,
                        "unit_selector": true,
                        "bunch_selector": false,
                        "drained_weight": null,
                        "price_decreased": false,
                        "reference_price": "4.27",
                        "min_bunch_amount": 1.0,
                        "reference_format": "kg",
                        "increment_bunch_amount": 1.0
                    }
                },
                {
                    "id": "17154",
                    "limit": 1000,
                    "badges": {
                        "is_water": false,
                        "requires_age_check": false
                    },
                    "packaging": "Bric",
                    "thumbnail": "https://prod-mercadona.imgix.net/20190521/54/17154/vlc1/17154_00_02.jpg?fit=crop&h=206&w=206",
                    "display_name": "Tomàquet fregit amb ceba Hacendado",
                    "bunch_selector": false,
                    "price_instructions": {
                        "iva": 10,
                        "is_new": false,
                        "is_pack": false,
                        "pack_size": null,
                        "unit_name": null,
                        "unit_size": 0.38,
                        "bulk_price": "2.76",
                        "unit_price": "1.05",
                        "approx_size": false,
                        "size_format": "kg",
                        "total_units": null,
                        "unit_selector": true,
                        "bunch_selector": false,
                        "drained_weight": null,
                        "price_decreased": false,
                        "reference_price": "2.76",
                        "min_bunch_amount": 1.0,
                        "reference_format": "kg",
                        "increment_bunch_amount": 1.0
                    }
                },
                {
                    "id": "17330",
                    "limit": 1000,
                    "badges": {
                        "is_water": false,
                        "requires_age_check": false
                    },
                    "packaging": "Pot",
                    "thumbnail": "https://prod-mercadona.imgix.net/20190521/30/17330/vlc1/17330_00_02.jpg?fit=crop&h=206&w=206",
                    "display_name": "Tomàquet fregit sense sucres afegits Hacendado",
                    "bunch_selector": false,
                    "price_instructions": {
                        "iva": 10,
                        "is_new": false,
                        "is_pack": false,
                        "pack_size": null,
                        "unit_name": null,
                        "unit_size": 0.56,
                        "bulk_price": "1.68",
                        "unit_price": "0.94",
                        "approx_size": false,
                        "size_format": "kg",
                        "total_units": null,
                        "unit_selector": true,
                        "bunch_selector": false,
                        "drained_weight": null,
                        "price_decreased": false,
                        "reference_price": "1.68",
                        "min_bunch_amount": 1.0,
                        "reference_format": "kg",
                        "increment_bunch_amount": 1.0
                    }
                }
            ],
            "is_extended": false
        }
    ],
    "is_extended": false
}