{
    "id": 8,
    "name": "Cacau, caf√® i infusions",
    "layout": 2,
    "categories": [
        {
            "id": 86,
            "name": "Cacau soluble i xocolata desfeta",
            "layout": 1,
            "products": [
                {
                    "id": "13202",
                    "limit": 1000,
                    "badges": {
                        "is_water": false,
                        "requires_age_check": false
                    },
                    "packaging": "Pot",
                    "thumbnail": "https://prod-mercadona.imgix.net/20190521/02/13202/vlc1/13202_00_02.jpg?fit=crop&h=206&w=206",
                    "display_name": "Cacau soluble instantani Nesquik",
                    "bunch_selector": false,
                    "price_instructions": {
                        "iva": 10,
                        "is_new": false,
                        "is_pack": false,
                        "pack_size": null,
                        "unit_name": null,
                        "unit_size": 0.4,
                        "bulk_price": "5.95",
                        "unit_price": "2.38",
                        "approx_size": false,
                        "size_format": "kg",
                        "total_units": null,
                        "unit_selector": true,
                        "bunch_selector": false,
                        "drained_weight": null,
                        "price_decreased": false,
                        "reference_price": "5.95",
                        "min_bunch_amount": 1.0,
                        "reference_format": "kg",
                        "increment_bunch_amount": 1.0
                    }
                },
                {
                    "id": "13323",
                    "limit": 1000,
                    "badges": {
                        "is_water": false,
                        "requires_age_check": false
                    },
                    "packaging": "Pot",
                    "thumbnail": "https://prod-mercadona.imgix.net/20190521/23/13323/vlc1/13323_00_02.jpg?fit=crop&h=206&w=206",
                    "display_name": "Cacau soluble CaoBon",
                    "bunch_selector": false,
                    "price_instructions": {
                        "iva": 10,
                        "is_new": false,
                        "is_pack": false,
                        "pack_size": null,
                        "unit_name": null,
                        "unit_size": 1.0,
                        "bulk_price": "2.49",
                        "unit_price": "2.49",
                        "approx_size": false,
                        "size_format": "kg",
                        "total_units": null,
                        "unit_selector": true,
                        "bunch_selector": false,
                        "drained_weight": null,
                        "price_decreased": false,
                        "reference_price": "2.49",
                        "min_bunch_amount": 1.0,
                        "reference_format": "kg",
                        "increment_bunch_amount": 1.0
                    }
                },
                {
                    "id": "13310",
                    "limit": 1000,
                    "badges": {
                        "is_water": false,
                        "requires_age_check": false
                    },
                    "packaging": "Pot",
                    "thumbnail": "https://prod-mercadona.imgix.net/20190521/10/13310/vlc1/13310_00_02.jpg?fit=crop&h=206&w=206",
                    "display_name": "Cacau soluble CaoBon",
                    "bunch_selector": false,
                    "price_instructions": {
                        "iva": 10,
                        "is_new": false,
                        "is_pack": false,
                        "pack_size": null,
                        "unit_name": null,
                        "unit_size": 0.5,
                        "bulk_price": "3.80",
                        "unit_price": "1.90",
                        "approx_size": false,
                        "size_format": "kg",
                        "total_units": null,
                        "unit_selector": true,
                        "bunch_selector": false,
                        "drained_weight": null,
                        "price_decreased": false,
                        "reference_price": "3.80",
                        "min_bunch_amount": 1.0,
                        "reference_format": "kg",
                        "increment_bunch_amount": 1.0
                    }
                },
                {
                    "id": "13314",
                    "limit": 1000,
                    "badges": {
                        "is_water": false,
                        "requires_age_check": false
                    },
                    "packaging": "Capsa",
                    "thumbnail": "https://prod-mercadona.imgix.net/20190521/14/13314/vlc1/13314_00_02.jpg?fit=crop&h=206&w=206",
                    "display_name": "Cacau soluble en sobres CaoBon",
                    "bunch_selector": false,
                    "price_instructions": {
                        "iva": 10,
                        "is_new": false,
                        "is_pack": false,
                        "pack_size": null,
                        "unit_name": "sobres",
                        "unit_size": 0.108,
                        "bulk_price": "9.26",
                        "unit_price": "1.00",
                        "approx_size": false,
                        "size_format": "kg",
                        "total_units": 6,
                        "unit_selector": true,
                        "bunch_selector": false,
                        "drained_weight": null,
                        "price_decreased": false,
                        "reference_price": "9.26",
                        "min_bunch_amount": 1.0,
                        "reference_format": "kg",
                        "increment_bunch_amount": 1.0
                    }
                },
                {
                    "id": "13316",
                    "limit": 1000,
                    "badges": {
                        "is_water": false,
                        "requires_age_check": false
                    },
                    "packaging": "Paquet",
                    "thumbnail": "https://prod-mercadona.imgix.net/20190521/16/13316/vlc1/13316_00_02.jpg?fit=crop&h=206&w=206",
                    "display_name": "Cacau en pols per a xocolata desfeta Hacendado",
                    "bunch_selector": false,
                    "price_instructions": {
                        "iva": 10,
                        "is_new": false,
                        "is_pack": false,
                        "pack_size": null,
                        "unit_name": null,
                        "unit_size": 0.4,
                        "bulk_price": "3.12",
                        "unit_price": "1.25",
                        "approx_size": false,
                        "size_format": "kg",
                        "total_units": null,
                        "unit_selector": true,
                        "bunch_selector": false,
                        "drained_weight": null,
                        "price_decreased": false,
                        "reference_price": "3.12",
                        "min_bunch_amount": 1.0,
                        "reference_format": "kg",
                        "increment_bunch_amount": 1.0
                    }
                },
                {
                    "id": "13221",
                    "limit": 1000,
                    "badges": {
                        "is_water": false,
                        "requires_age_check": false
                    },
                    "packaging": "Capsa",
                    "thumbnail": "https://prod-mercadona.imgix.net/20190521/21/13221/vlc1/13221_00_01.jpg?fit=crop&h=206&w=206",
                    "display_name": "Cacau soluble instantani Nesquik",
                    "bunch_selector": false,
                    "price_instructions": {
                        "iva": 10,
                        "is_new": false,
                        "is_pack": false,
                        "pack_size": null,
                        "unit_name": null,
                        "unit_size": 3.0,
                        "bulk_price": "4.13",
                        "unit_price": "12.40",
                        "approx_size": false,
                        "size_format": "kg",
                        "total_units": null,
                        "unit_selector": true,
                        "bunch_selector": false,
                        "drained_weight": null,
                        "price_decreased": false,
                        "reference_price": "4.13",
                        "min_bunch_amount": 1.0,
                        "reference_format": "kg",
                        "increment_bunch_amount": 1.0
                    }
                },
                {
                    "id": "13204",
                    "limit": 1000,
                    "badges": {
                        "is_water": false,
                        "requires_age_check": false
                    },
                    "packaging": "Paquet",
                    "thumbnail": "https://prod-mercadona.imgix.net/20190521/04/13204/vlc1/13204_00_02.jpg?fit=crop&h=206&w=206",
                    "display_name": "Cacau soluble instantani Nesquik",
                    "bunch_selector": false,
                    "price_instructions": {
                        "iva": 10,
                        "is_new": false,
                        "is_pack": false,
                        "pack_size": null,
                        "unit_name": null,
                        "unit_size": 1.0,
                        "bulk_price": "4.59",
                        "unit_price": "4.59",
                        "approx_size": false,
                        "size_format": "kg",
                        "total_units": null,
                        "unit_selector": true,
                        "bunch_selector": false,
                        "drained_weight": null,
                        "price_decreased": false,
                        "reference_price": "4.59",
                        "min_bunch_amount": 1.0,
                        "reference_format": "kg",
                        "increment_bunch_amount": 1.0
                    }
                },
                {
                    "id": "13006",
                    "limit": 1000,
                    "badges": {
                        "is_water": false,
                        "requires_age_check": false
                    },
                    "packaging": "Pot",
                    "thumbnail": "https://prod-mercadona.imgix.net/20190521/06/13006/vlc1/13006_00_02.jpg?fit=crop&h=206&w=206",
                    "display_name": "Cacau soluble 0 % sucres afegits Cola Cao",
                    "bunch_selector": false,
                    "price_instructions": {
                        "iva": 10,
                        "is_new": false,
                        "is_pack": false,
                        "pack_size": null,
                        "unit_name": null,
                        "unit_size": 0.325,
                        "bulk_price": "10.74",
                        "unit_price": "3.49",
                        "approx_size": false,
                        "size_format": "kg",
                        "total_units": null,
                        "unit_selector": true,
                        "bunch_selector": false,
                        "drained_weight": null,
                        "price_decreased": false,
                        "reference_price": "10.74",
                        "min_bunch_amount": 1.0,
                        "reference_format": "kg",
                        "increment_bunch_amount": 1.0
                    }
                },
                {
                    "id": "13302",
                    "limit": 1000,
                    "badges": {
                        "is_water": false,
                        "requires_age_check": false
                    },
                    "packaging": "Pot",
                    "thumbnail": "https://prod-mercadona.imgix.net/20190521/02/13302/vlc1/13302_00_02.jpg?fit=crop&h=206&w=206",
                    "display_name": "Cacau soluble 0 % sucres afegits CaoBon",
                    "bunch_selector": false,
                    "price_instructions": {
                        "iva": 10,
                        "is_new": false,
                        "is_pack": false,
                        "pack_size": null,
                        "unit_name": null,
                        "unit_size": 0.45,
                        "bulk_price": "6.44",
                        "unit_price": "2.90",
                        "approx_size": false,
                        "size_format": "kg",
                        "total_units": null,
                        "unit_selector": true,
                        "bunch_selector": false,
                        "drained_weight": null,
                        "price_decreased": false,
                        "reference_price": "6.44",
                        "min_bunch_amount": 1.0,
                        "reference_format": "kg",
                        "increment_bunch_amount": 1.0
                    }
                },
                {
                    "id": "13020",
                    "limit": 1000,
                    "badges": {
                        "is_water": false,
                        "requires_age_check": false
                    },
                    "packaging": "Capsa",
                    "thumbnail": "https://prod-mercadona.imgix.net/20190521/20/13020/vlc1/13020_00_01.jpg?fit=crop&h=206&w=206",
                    "display_name": "Cacau soluble Cola cao original",
                    "bunch_selector": false,
                    "price_instructions": {
                        "iva": 10,
                        "is_new": false,
                        "is_pack": false,
                        "pack_size": null,
                        "unit_name": null,
                        "unit_size": 2.85,
                        "bulk_price": "4.89",
                        "unit_price": "13.95",
                        "approx_size": false,
                        "size_format": "kg",
                        "total_units": null,
                        "unit_selector": true,
                        "bunch_selector": false,
                        "drained_weight": null,
                        "price_decreased": false,
                        "reference_price": "4.90",
                        "min_bunch_amount": 1.0,
                        "reference_format": "kg",
                        "increment_bunch_amount": 1.0
                    }
                },
                {
                    "id": "12026",
                    "limit": 1000,
                    "badges": {
                        "is_water": false,
                        "requires_age_check": false
                    },
                    "packaging": "Pot",
                    "thumbnail": "https://prod-mercadona.imgix.net/20190521/26/12026/vlc1/12026_00_02.jpg?fit=crop&h=206&w=206",
                    "display_name": "Cacau pur en pols La Chocolatera",
                    "bunch_selector": false,
                    "price_instructions": {
                        "iva": 10,
                        "is_new": false,
                        "is_pack": false,
                        "pack_size": null,
                        "unit_name": null,
                        "unit_size": 0.25,
                        "bulk_price": "10.80",
                        "unit_price": "2.70",
                        "approx_size": false,
                        "size_format": "kg",
                        "total_units": null,
                        "unit_selector": true,
                        "bunch_selector": false,
                        "drained_weight": null,
                        "price_decreased": false,
                        "reference_price": "10.80",
                        "min_bunch_amount": 1.0,
                        "reference_format": "kg",
                        "increment_bunch_amount": 1.0
                    }
                },
                {
                    "id": "12129",
                    "limit": 1000,
                    "badges": {
                        "is_water": false,
                        "requires_age_check": false
                    },
                    "packaging": "Rajola",
                    "thumbnail": "https://prod-mercadona.imgix.net/20190521/29/12129/vlc1/12129_00_02.jpg?fit=crop&h=206&w=206",
                    "display_name": "Xocolata per desfer  Valor",
                    "bunch_selector": false,
                    "price_instructions": {
                        "iva": 10,
                        "is_new": false,
                        "is_pack": false,
                        "pack_size": null,
                        "unit_name": null,
                        "unit_size": 0.3,
                        "bulk_price": "6.83",
                        "unit_price": "2.05",
                        "approx_size": false,
                        "size_format": "kg",
                        "total_units": null,
                        "unit_selector": true,
                        "bunch_selector": false,
                        "drained_weight": null,
                        "price_decreased": false,
                        "reference_price": "6.83",
                        "min_bunch_amount": 1.0,
                        "reference_format": "kg",
                        "increment_bunch_amount": 1.0
                    }
                },
                {
                    "id": "12017",
                    "limit": 1000,
                    "badges": {
                        "is_water": false,
                        "requires_age_check": false
                    },
                    "packaging": "Paquet",
                    "thumbnail": "https://prod-mercadona.imgix.net/20190521/17/12017/vlc1/12017_00_02.jpg?fit=crop&h=206&w=206",
                    "display_name": "Cacau en pols per a xocolata desfeta Valor",
                    "bunch_selector": false,
                    "price_instructions": {
                        "iva": 10,
                        "is_new": false,
                        "is_pack": false,
                        "pack_size": null,
                        "unit_name": null,
                        "unit_size": 0.5,
                        "bulk_price": "4.60",
                        "unit_price": "2.30",
                        "approx_size": false,
                        "size_format": "kg",
                        "total_units": null,
                        "unit_selector": true,
                        "bunch_selector": false,
                        "drained_weight": null,
                        "price_decreased": false,
                        "reference_price": "4.60",
                        "min_bunch_amount": 1.0,
                        "reference_format": "kg",
                        "increment_bunch_amount": 1.0
                    }
                },
                {
                    "id": "13213",
                    "limit": 1000,
                    "badges": {
                        "is_water": false,
                        "requires_age_check": false
                    },
                    "packaging": "Paquet",
                    "thumbnail": "https://prod-mercadona.imgix.net/20190521/13/13213/vlc1/13213_00_02.jpg?fit=crop&h=206&w=206",
                    "display_name": "Cacau soluble instantani Hacendado",
                    "bunch_selector": false,
                    "price_instructions": {
                        "iva": 10,
                        "is_new": false,
                        "is_pack": false,
                        "pack_size": null,
                        "unit_name": null,
                        "unit_size": 1.0,
                        "bulk_price": "2.98",
                        "unit_price": "2.98",
                        "approx_size": false,
                        "size_format": "kg",
                        "total_units": null,
                        "unit_selector": true,
                        "bunch_selector": false,
                        "drained_weight": null,
                        "price_decreased": false,
                        "reference_price": "2.98",
                        "min_bunch_amount": 1.0,
                        "reference_format": "kg",
                        "increment_bunch_amount": 1.0
                    }
                },
                {
                    "id": "13013",
                    "limit": 1000,
                    "badges": {
                        "is_water": false,
                        "requires_age_check": false
                    },
                    "packaging": "Pot",
                    "thumbnail": "https://prod-mercadona.imgix.net/20190521/13/13013/vlc1/13013_00_02.jpg?fit=crop&h=206&w=206",
                    "display_name": "Cacau soluble Cola Cao original",
                    "bunch_selector": false,
                    "price_instructions": {
                        "iva": 10,
                        "is_new": false,
                        "is_pack": false,
                        "pack_size": null,
                        "unit_name": null,
                        "unit_size": 0.39,
                        "bulk_price": "7.41",
                        "unit_price": "2.89",
                        "approx_size": false,
                        "size_format": "kg",
                        "total_units": null,
                        "unit_selector": true,
                        "bunch_selector": false,
                        "drained_weight": null,
                        "price_decreased": false,
                        "reference_price": "7.41",
                        "min_bunch_amount": 1.0,
                        "reference_format": "kg",
                        "increment_bunch_amount": 1.0
                    }
                },
                {
                    "id": "13014",
                    "limit": 1000,
                    "badges": {
                        "is_water": false,
                        "requires_age_check": false
                    },
                    "packaging": "Pot",
                    "thumbnail": "https://prod-mercadona.imgix.net/20190521/14/13014/vlc1/13014_00_02.jpg?fit=crop&h=206&w=206",
                    "display_name": "Cacau soluble Cola Cao original",
                    "bunch_selector": false,
                    "price_instructions": {
                        "iva": 10,
                        "is_new": false,
                        "is_pack": false,
                        "pack_size": null,
                        "unit_name": null,
                        "unit_size": 0.77,
                        "bulk_price": "6.48",
                        "unit_price": "4.99",
                        "approx_size": false,
                        "size_format": "kg",
                        "total_units": null,
                        "unit_selector": true,
                        "bunch_selector": false,
                        "drained_weight": null,
                        "price_decreased": false,
                        "reference_price": "6.48",
                        "min_bunch_amount": 1.0,
                        "reference_format": "kg",
                        "increment_bunch_amount": 1.0
                    }
                },
                {
                    "id": "13212",
                    "limit": 1000,
                    "badges": {
                        "is_water": false,
                        "requires_age_check": false
                    },
                    "packaging": "Pot",
                    "thumbnail": "https://prod-mercadona.imgix.net/20190521/12/13212/vlc1/13212_00_02.jpg?fit=crop&h=206&w=206",
                    "display_name": "Cacau soluble instantani Hacendado",
                    "bunch_selector": false,
                    "price_instructions": {
                        "iva": 10,
                        "is_new": false,
                        "is_pack": false,
                        "pack_size": null,
                        "unit_name": null,
                        "unit_size": 0.5,
                        "bulk_price": "3.98",
                        "unit_price": "1.99",
                        "approx_size": false,
                        "size_format": "kg",
                        "total_units": null,
                        "unit_selector": true,
                        "bunch_selector": false,
                        "drained_weight": null,
                        "price_decreased": false,
                        "reference_price": "3.98",
                        "min_bunch_amount": 1.0,
                        "reference_format": "kg",
                        "increment_bunch_amount": 1.0
                    }
                },
                {
                    "id": "10005",
                    "limit": 1000,
                    "badges": {
                        "is_water": false,
                        "requires_age_check": false
                    },
                    "packaging": "Bric",
                    "thumbnail": "https://prod-mercadona.imgix.net/20190521/05/10005/vlc1/10005_00_02.jpg?fit=crop&h=206&w=206",
                    "display_name": "Xocolata desfeta l√≠quida Hacendado",
                    "bunch_selector": false,
                    "price_instructions": {
                        "iva": 10,
                        "is_new": false,
                        "is_pack": false,
                        "pack_size": null,
                        "unit_name": null,
                        "unit_size": 1.0,
                        "bulk_price": "1.45",
                        "unit_price": "1.45",
                        "approx_size": false,
                        "size_format": "l",
                        "total_units": null,
                        "unit_selector": true,
                        "bunch_selector": false,
                        "drained_weight": null,
                        "price_decreased": false,
                        "reference_price": "1.45",
                        "min_bunch_amount": 1.0,
                        "reference_format": "L",
                        "increment_bunch_amount": 1.0
                    }
                },
                {
                    "id": "13317",
                    "limit": 1000,
                    "badges": {
                        "is_water": false,
                        "requires_age_check": false
                    },
                    "packaging": "Pot",
                    "thumbnail": "https://prod-mercadona.imgix.net/20190521/17/13317/vlc1/13317_00_02.jpg?fit=crop&h=206&w=206",
                    "display_name": "Cacau en pols instantani per a xocolata desfeta Hacendado",
                    "bunch_selector": false,
                    "price_instructions": {
                        "iva": 10,
                        "is_new": false,
                        "is_pack": false,
                        "pack_size": null,
                        "unit_name": null,
                        "unit_size": 0.5,
                        "bulk_price": "3.58",
                        "unit_price": "1.79",
                        "approx_size": false,
                        "size_format": "kg",
                        "total_units": null,
                        "unit_selector": true,
                        "bunch_selector": false,
                        "drained_weight": null,
                        "price_decreased": false,
                        "reference_price": "3.58",
                        "min_bunch_amount": 1.0,
                        "reference_format": "kg",
                        "increment_bunch_amount": 1.0
                    }
                }
            ],
            "is_extended": false
        },
        {
            "id": 81,
            "name": "Caf√® en c√†psula i monodosi",
            "layout": 1,
            "products": [
                {
                    "id": "11879",
                    "limit": 1000,
                    "badges": {
                        "is_water": false,
                        "requires_age_check": false
                    },
                    "packaging": "Capsa",
                    "thumbnail": "https://prod-mercadona.imgix.net/20190521/79/11879/vlc1/11879_00_01.jpg?fit=crop&h=206&w=206",
                    "display_name": "Caf√® en c√†psula sontuoso L'Or Espresso",
                    "bunch_selector": false,
                    "price_instructions": {
                        "iva": 10,
                        "is_new": false,
                        "is_pack": false,
                        "pack_size": null,
                        "unit_name": "c√†psules",
                        "unit_size": 0.052,
                        "bulk_price": "0.33",
                        "unit_price": "3.29",
                        "approx_size": false,
                        "size_format": "kg",
                        "total_units": 10,
                        "unit_selector": true,
                        "bunch_selector": false,
                        "drained_weight": null,
                        "price_decreased": false,
                        "reference_price": "0.33",
                        "min_bunch_amount": 1.0,
                        "reference_format": "ud",
                        "increment_bunch_amount": 1.0
                    }
                },
                {
                    "id": "11882",
                    "limit": 1000,
                    "badges": {
                        "is_water": false,
                        "requires_age_check": false
                    },
                    "packaging": "Capsa",
                    "thumbnail": "https://prod-mercadona.imgix.net/20190521/82/11882/vlc1/11882_00_01.jpg?fit=crop&h=206&w=206",
                    "display_name": "Caf√® en c√†psula descafe√Ønat ristretto L'Or Espresso",
                    "bunch_selector": false,
                    "price_instructions": {
                        "iva": 10,
                        "is_new": false,
                        "is_pack": false,
                        "pack_size": null,
                        "unit_name": "c√†psules",
                        "unit_size": 0.052,
                        "bulk_price": "0.33",
                        "unit_price": "3.29",
                        "approx_size": false,
                        "size_format": "kg",
                        "total_units": 10,
                        "unit_selector": true,
                        "bunch_selector": false,
                        "drained_weight": null,
                        "price_decreased": false,
                        "reference_price": "0.33",
                        "min_bunch_amount": 1.0,
                        "reference_format": "ud",
                        "increment_bunch_amount": 1.0
                    }
                },
                {
                    "id": "11801",
                    "limit": 1000,
                    "badges": {
                        "is_water": false,
                        "requires_age_check": false
                    },
                    "packaging": "Capsa",
                    "thumbnail": "https://prod-mercadona.imgix.net/20190521/01/11801/vlc1/11801_00_01.jpg?fit=crop&h=206&w=206",
                    "display_name": "Caf√® amb llet en c√†psula Dolce Gusto",
                    "bunch_selector": false,
                    "price_instructions": {
                        "iva": 10,
                        "is_new": false,
                        "is_pack": false,
                        "pack_size": null,
                        "unit_name": "c√†psules",
                        "unit_size": 0.16,
                        "bulk_price": "26.56",
                        "unit_price": "4.25",
                        "approx_size": false,
                        "size_format": "kg",
                        "total_units": 16,
                        "unit_selector": true,
                        "bunch_selector": false,
                        "drained_weight": null,
                        "price_decreased": false,
                        "reference_price": "26.56",
                        "min_bunch_amount": 1.0,
                        "reference_format": "kg",
                        "increment_bunch_amount": 1.0
                    }
                },
                {
                    "id": "11881",
                    "limit": 1000,
                    "badges": {
                        "is_water": false,
                        "requires_age_check": false
                    },
                    "packaging": "Capsa",
                    "thumbnail": "https://prod-mercadona.imgix.net/20190521/81/11881/vlc1/11881_00_01.jpg?fit=crop&h=206&w=206",
                    "display_name": "Caf√® en c√†psula ristretto L'Or Espresso",
                    "bunch_selector": false,
                    "price_instructions": {
                        "iva": 10,
                        "is_new": false,
                        "is_pack": false,
                        "pack_size": null,
                        "unit_name": "c√†psules",
                        "unit_size": 0.052,
                        "bulk_price": "0.33",
                        "unit_price": "3.29",
                        "approx_size": false,
                        "size_format": "kg",
                        "total_units": 10,
                        "unit_selector": true,
                        "bunch_selector": false,
                        "drained_weight": null,
                        "price_decreased": false,
                        "reference_price": "0.33",
                        "min_bunch_amount": 1.0,
                        "reference_format": "ud",
                        "increment_bunch_amount": 1.0
                    }
                },
                {
                    "id": "11874",
                    "limit": 1000,
                    "badges": {
                        "is_water": false,
                        "requires_age_check": false
                    },
                    "packaging": "Paquet",
                    "thumbnail": "https://prod-mercadona.imgix.net/20190521/74/11874/vlc1/11874_00_01.jpg?fit=crop&h=206&w=206",
                    "display_name": "Caf√® en c√†psula descafe√Ønat Tassimo",
                    "bunch_selector": false,
                    "price_instructions": {
                        "iva": 10,
                        "is_new": false,
                        "is_pack": false,
                        "pack_size": null,
                        "unit_name": "c√†psules",
                        "unit_size": 0.1184,
                        "bulk_price": "0.27",
                        "unit_price": "4.39",
                        "approx_size": false,
                        "size_format": "kg",
                        "total_units": 16,
                        "unit_selector": true,
                        "bunch_selector": false,
                        "drained_weight": null,
                        "price_decreased": false,
                        "reference_price": "0.27",
                        "min_bunch_amount": 1.0,
                        "reference_format": "ud",
                        "increment_bunch_amount": 1.0
                    }
                },
                {
                    "id": "11871",
                    "limit": 1000,
                    "badges": {
                        "is_water": false,
                        "requires_age_check": false
                    },
                    "packaging": "Paquet",
                    "thumbnail": "https://prod-mercadona.imgix.net/20190521/71/11871/vlc1/11871_00_01.jpg?fit=crop&h=206&w=206",
                    "display_name": "Caf√® amb llet en c√†psula Tassimo",
                    "bunch_selector": false,
                    "price_instructions": {
                        "iva": 10,
                        "is_new": false,
                        "is_pack": false,
                        "pack_size": null,
                        "unit_name": "c√†psules",
                        "unit_size": 0.184,
                        "bulk_price": "0.27",
                        "unit_price": "4.39",
                        "approx_size": false,
                        "size_format": "kg",
                        "total_units": 16,
                        "unit_selector": true,
                        "bunch_selector": false,
                        "drained_weight": null,
                        "price_decreased": false,
                        "reference_price": "0.27",
                        "min_bunch_amount": 1.0,
                        "reference_format": "ud",
                        "increment_bunch_amount": 1.0
                    }
                },
                {
                    "id": "11875",
                    "limit": 1000,
                    "badges": {
                        "is_water": false,
                        "requires_age_check": false
                    },
                    "packaging": "Paquet",
                    "thumbnail": "https://prod-mercadona.imgix.net/20190521/75/11875/vlc1/11875_00_01.jpg?fit=crop&h=206&w=206",
                    "display_name": "Caf√® en c√†psula tallat Tassimo",
                    "bunch_selector": false,
                    "price_instructions": {
                        "iva": 10,
                        "is_new": false,
                        "is_pack": false,
                        "pack_size": null,
                        "unit_name": "c√†psules",
                        "unit_size": 0.184,
                        "bulk_price": "0.27",
                        "unit_price": "4.39",
                        "approx_size": false,
                        "size_format": "kg",
                        "total_units": 16,
                        "unit_selector": true,
                        "bunch_selector": false,
                        "drained_weight": null,
                        "price_decreased": false,
                        "reference_price": "0.27",
                        "min_bunch_amount": 1.0,
                        "reference_format": "ud",
                        "increment_bunch_amount": 1.0
                    }
                },
                {
                    "id": "11777",
                    "limit": 1000,
                    "badges": {
                        "is_water": false,
                        "requires_age_check": false
                    },
                    "packaging": "Paquet",
                    "thumbnail": "https://prod-mercadona.imgix.net/20190521/77/11777/vlc1/11777_00_01.jpg?fit=crop&h=206&w=206",
                    "display_name": "Caf√® monodosi descafe√Ønat natural Hacendado",
                    "bunch_selector": false,
                    "price_instructions": {
                        "iva": 10,
                        "is_new": false,
                        "is_pack": false,
                        "pack_size": null,
                        "unit_name": "dosi",
                        "unit_size": 0.224,
                        "bulk_price": "10.27",
                        "unit_price": "2.30",
                        "approx_size": false,
                        "size_format": "kg",
                        "total_units": 32,
                        "unit_selector": true,
                        "bunch_selector": false,
                        "drained_weight": null,
                        "price_decreased": false,
                        "reference_price": "10.27",
                        "min_bunch_amount": 1.0,
                        "reference_format": "kg",
                        "increment_bunch_amount": 1.0
                    }
                },
                {
                    "id": "11832",
                    "limit": 1000,
                    "badges": {
                        "is_water": false,
                        "requires_age_check": false
                    },
                    "packaging": "Paquet",
                    "thumbnail": "https://prod-mercadona.imgix.net/20190521/32/11832/vlc1/11832_00_01.jpg?fit=crop&h=206&w=206",
                    "display_name": "Caf√® monodosi Col√≤mbia Hacendado",
                    "bunch_selector": false,
                    "price_instructions": {
                        "iva": 10,
                        "is_new": false,
                        "is_pack": false,
                        "pack_size": null,
                        "unit_name": "dosi",
                        "unit_size": 0.224,
                        "bulk_price": "14.51",
                        "unit_price": "3.25",
                        "approx_size": false,
                        "size_format": "kg",
                        "total_units": 32,
                        "unit_selector": true,
                        "bunch_selector": false,
                        "drained_weight": null,
                        "price_decreased": false,
                        "reference_price": "14.51",
                        "min_bunch_amount": 1.0,
                        "reference_format": "kg",
                        "increment_bunch_amount": 1.0
                    }
                },
                {
                    "id": "11741",
                    "limit": 1000,
                    "badges": {
                        "is_water": false,
                        "requires_age_check": false
                    },
                    "packaging": "Capsa",
                    "thumbnail": "https://prod-mercadona.imgix.net/20190521/41/11741/vlc1/11741_00_01.jpg?fit=crop&h=206&w=206",
                    "display_name": "Caf√® monodosi natural Hacendado Espresso",
                    "bunch_selector": false,
                    "price_instructions": {
                        "iva": 10,
                        "is_new": false,
                        "is_pack": false,
                        "pack_size": null,
                        "unit_name": "dosi",
                        "unit_size": 0.14,
                        "bulk_price": "21.79",
                        "unit_price": "3.05",
                        "approx_size": false,
                        "size_format": "kg",
                        "total_units": 20,
                        "unit_selector": true,
                        "bunch_selector": false,
                        "drained_weight": null,
                        "price_decreased": false,
                        "reference_price": "21.79",
                        "min_bunch_amount": 1.0,
                        "reference_format": "kg",
                        "increment_bunch_amount": 1.0
                    }
                },
                {
                    "id": "11785",
                    "limit": 1000,
                    "badges": {
                        "is_water": false,
                        "requires_age_check": false
                    },
                    "packaging": "Capsa",
                    "thumbnail": "https://prod-mercadona.imgix.net/20190521/85/11785/vlc1/11785_00_01.jpg?fit=crop&h=206&w=206",
                    "display_name": "Caf√® en c√†psula tallat Dolce Gusto",
                    "bunch_selector": false,
                    "price_instructions": {
                        "iva": 10,
                        "is_new": false,
                        "is_pack": false,
                        "pack_size": null,
                        "unit_name": "c√†psules",
                        "unit_size": 0.1008,
                        "bulk_price": "42.50",
                        "unit_price": "4.25",
                        "approx_size": false,
                        "size_format": "kg",
                        "total_units": 16,
                        "unit_selector": true,
                        "bunch_selector": false,
                        "drained_weight": null,
                        "price_decreased": false,
                        "reference_price": "42.50",
                        "min_bunch_amount": 1.0,
                        "reference_format": "kg",
                        "increment_bunch_amount": 1.0
                    }
                },
                {
                    "id": "11872",
                    "limit": 1000,
                    "badges": {
                        "is_water": false,
                        "requires_age_check": false
                    },
                    "packaging": "Paquet",
                    "thumbnail": "https://prod-mercadona.imgix.net/20190521/72/11872/vlc1/11872_00_01.jpg?fit=crop&h=206&w=206",
                    "display_name": "Caf√® en c√†psula llarg Tassimo",
                    "bunch_selector": false,
                    "price_instructions": {
                        "iva": 10,
                        "is_new": false,
                        "is_pack": false,
                        "pack_size": null,
                        "unit_name": "c√†psules",
                        "unit_size": 0.1328,
                        "bulk_price": "0.27",
                        "unit_price": "4.39",
                        "approx_size": false,
                        "size_format": "kg",
                        "total_units": 16,
                        "unit_selector": true,
                        "bunch_selector": false,
                        "drained_weight": null,
                        "price_decreased": false,
                        "reference_price": "0.27",
                        "min_bunch_amount": 1.0,
                        "reference_format": "ud",
                        "increment_bunch_amount": 1.0
                    }
                },
                {
                    "id": "11873",
                    "limit": 1000,
                    "badges": {
                        "is_water": false,
                        "requires_age_check": false
                    },
                    "packaging": "Paquet",
                    "thumbnail": "https://prod-mercadona.imgix.net/20190521/73/11873/vlc1/11873_00_02.jpg?fit=crop&h=206&w=206",
                    "display_name": "Caf√® en c√†psula expr√©s Tassimo",
                    "bunch_selector": false,
                    "price_instructions": {
                        "iva": 10,
                        "is_new": false,
                        "is_pack": false,
                        "pack_size": null,
                        "unit_name": "c√†psules",
                        "unit_size": 0.1184,
                        "bulk_price": "0.27",
                        "unit_price": "4.39",
                        "approx_size": false,
                        "size_format": "kg",
                        "total_units": 16,
                        "unit_selector": true,
                        "bunch_selector": false,
                        "drained_weight": null,
                        "price_decreased": false,
                        "reference_price": "0.27",
                        "min_bunch_amount": 1.0,
                        "reference_format": "ud",
                        "increment_bunch_amount": 1.0
                    }
                },
                {
                    "id": "11730",
                    "limit": 1000,
                    "badges": {
                        "is_water": false,
                        "requires_age_check": false
                    },
                    "packaging": "Paquet",
                    "thumbnail": "https://prod-mercadona.imgix.net/20190521/30/11730/vlc1/11730_00_01.jpg?fit=crop&h=206&w=206",
                    "display_name": "Caf√® monodosi mescla Hacendado",
                    "bunch_selector": false,
                    "price_instructions": {
                        "iva": 10,
                        "is_new": false,
                        "is_pack": false,
                        "pack_size": null,
                        "unit_name": "dosi",
                        "unit_size": 0.224,
                        "bulk_price": "11.61",
                        "unit_price": "2.60",
                        "approx_size": false,
                        "size_format": "kg",
                        "total_units": 32,
                        "unit_selector": true,
                        "bunch_selector": false,
                        "drained_weight": null,
                        "price_decreased": false,
                        "reference_price": "11.61",
                        "min_bunch_amount": 1.0,
                        "reference_format": "kg",
                        "increment_bunch_amount": 1.0
                    }
                },
                {
                    "id": "11732",
                    "limit": 1000,
                    "badges": {
                        "is_water": false,
                        "requires_age_check": false
                    },
                    "packaging": "Paquet",
                    "thumbnail": "https://prod-mercadona.imgix.net/20190521/32/11732/vlc1/11732_00_01.jpg?fit=crop&h=206&w=206",
                    "display_name": "Caf√® monodosi intens Hacendado",
                    "bunch_selector": false,
                    "price_instructions": {
                        "iva": 10,
                        "is_new": false,
                        "is_pack": false,
                        "pack_size": null,
                        "unit_name": "dosi",
                        "unit_size": 0.224,
                        "bulk_price": "12.95",
                        "unit_price": "2.90",
                        "approx_size": false,
                        "size_format": "kg",
                        "total_units": 32,
                        "unit_selector": true,
                        "bunch_selector": false,
                        "drained_weight": null,
                        "price_decreased": false,
                        "reference_price": "12.95",
                        "min_bunch_amount": 1.0,
                        "reference_format": "kg",
                        "increment_bunch_amount": 1.0
                    }
                },
                {
                    "id": "11770",
                    "limit": 1000,
                    "badges": {
                        "is_water": false,
                        "requires_age_check": false
                    },
                    "packaging": "Paquet",
                    "thumbnail": "https://prod-mercadona.imgix.net/20190521/70/11770/vlc1/11770_00_01.jpg?fit=crop&h=206&w=206",
                    "display_name": "Caf√® monodosi natural Hacendado",
                    "bunch_selector": false,
                    "price_instructions": {
                        "iva": 10,
                        "is_new": false,
                        "is_pack": false,
                        "pack_size": null,
                        "unit_name": "dosi",
                        "unit_size": 0.224,
                        "bulk_price": "9.60",
                        "unit_price": "2.15",
                        "approx_size": false,
                        "size_format": "kg",
                        "total_units": 32,
                        "unit_selector": true,
                        "bunch_selector": false,
                        "drained_weight": null,
                        "price_decreased": false,
                        "reference_price": "9.60",
                        "min_bunch_amount": 1.0,
                        "reference_format": "kg",
                        "increment_bunch_amount": 1.0
                    }
                },
                {
                    "id": "11868",
                    "limit": 1000,
                    "badges": {
                        "is_water": false,
                        "requires_age_check": false
                    },
                    "packaging": "Capsa",
                    "thumbnail": "https://prod-mercadona.imgix.net/20190521/68/11868/vlc1/11868_00_01.jpg?fit=crop&h=206&w=206",
                    "display_name": "Caf√® monodosi descafe√Ønat Hacendado Espresso",
                    "bunch_selector": false,
                    "price_instructions": {
                        "iva": 10,
                        "is_new": false,
                        "is_pack": false,
                        "pack_size": null,
                        "unit_name": "dosi",
                        "unit_size": 0.14,
                        "bulk_price": "25.00",
                        "unit_price": "3.50",
                        "approx_size": false,
                        "size_format": "kg",
                        "total_units": 20,
                        "unit_selector": true,
                        "bunch_selector": false,
                        "drained_weight": null,
                        "price_decreased": false,
                        "reference_price": "25.00",
                        "min_bunch_amount": 1.0,
                        "reference_format": "kg",
                        "increment_bunch_amount": 1.0
                    }
                },
                {
                    "id": "11889",
                    "limit": 1000,
                    "badges": {
                        "is_water": false,
                        "requires_age_check": false
                    },
                    "packaging": "Paquet",
                    "thumbnail": "https://prod-mercadona.imgix.net/20190521/89/11889/vlc1/11889_00_01.jpg?fit=crop&h=206&w=206",
                    "display_name": "Caf√® filtre monodosi americ√†",
                    "bunch_selector": false,
                    "price_instructions": {
                        "iva": 10,
                        "is_new": false,
                        "is_pack": false,
                        "pack_size": null,
                        "unit_name": "dosi",
                        "unit_size": 0.056,
                        "bulk_price": "39.29",
                        "unit_price": "2.20",
                        "approx_size": false,
                        "size_format": "kg",
                        "total_units": 8,
                        "unit_selector": true,
                        "bunch_selector": false,
                        "drained_weight": null,
                        "price_decreased": false,
                        "reference_price": "39.29",
                        "min_bunch_amount": 1.0,
                        "reference_format": "kg",
                        "increment_bunch_amount": 1.0
                    }
                },
                {
                    "id": "11931",
                    "limit": 1000,
                    "badges": {
                        "is_water": false,
                        "requires_age_check": false
                    },
                    "packaging": "Capsa",
                    "thumbnail": "https://prod-mercadona.imgix.net/20190521/31/11931/vlc1/11931_00_01.jpg?fit=crop&h=206&w=206",
                    "display_name": "Caf√® en c√†psula expr√©s intens Dolce Gusto",
                    "bunch_selector": false,
                    "price_instructions": {
                        "iva": 10,
                        "is_new": false,
                        "is_pack": false,
                        "pack_size": null,
                        "unit_name": "c√†psules",
                        "unit_size": 0.112,
                        "bulk_price": "37.95",
                        "unit_price": "4.25",
                        "approx_size": false,
                        "size_format": "kg",
                        "total_units": 16,
                        "unit_selector": true,
                        "bunch_selector": false,
                        "drained_weight": null,
                        "price_decreased": false,
                        "reference_price": "37.95",
                        "min_bunch_amount": 1.0,
                        "reference_format": "kg",
                        "increment_bunch_amount": 1.0
                    }
                },
                {
                    "id": "11041",
                    "limit": 1000,
                    "badges": {
                        "is_water": false,
                        "requires_age_check": false
                    },
                    "packaging": "Paquet",
                    "thumbnail": "https://prod-mercadona.imgix.net/20190521/41/11041/vlc1/11041_00_01.jpg?fit=crop&h=206&w=206",
                    "display_name": "Caf√® en c√†psula extrafort Cocatech",
                    "bunch_selector": false,
                    "price_instructions": {
                        "iva": 10,
                        "is_new": false,
                        "is_pack": false,
                        "pack_size": null,
                        "unit_name": "c√†psules",
                        "unit_size": 0.12,
                        "bulk_price": "0.21",
                        "unit_price": "3.40",
                        "approx_size": false,
                        "size_format": "kg",
                        "total_units": 16,
                        "unit_selector": true,
                        "bunch_selector": false,
                        "drained_weight": null,
                        "price_decreased": false,
                        "reference_price": "0.21",
                        "min_bunch_amount": 1.0,
                        "reference_format": "ud",
                        "increment_bunch_amount": 1.0
                    }
                },
                {
                    "id": "11040",
                    "limit": 1000,
                    "badges": {
                        "is_water": false,
                        "requires_age_check": false
                    },
                    "packaging": "Paquet",
                    "thumbnail": "https://prod-mercadona.imgix.net/20190521/40/11040/vlc1/11040_00_01.jpg?fit=crop&h=206&w=206",
                    "display_name": "Caf√® en c√†psula fort Cocatech",
                    "bunch_selector": false,
                    "price_instructions": {
                        "iva": 10,
                        "is_new": false,
                        "is_pack": false,
                        "pack_size": null,
                        "unit_name": "c√†psules",
                        "unit_size": 0.12,
                        "bulk_price": "0.21",
                        "unit_price": "3.40",
                        "approx_size": false,
                        "size_format": "kg",
                        "total_units": 16,
                        "unit_selector": true,
                        "bunch_selector": false,
                        "drained_weight": null,
                        "price_decreased": false,
                        "reference_price": "0.21",
                        "min_bunch_amount": 1.0,
                        "reference_format": "ud",
                        "increment_bunch_amount": 1.0
                    }
                },
                {
                    "id": "11062",
                    "limit": 1000,
                    "badges": {
                        "is_water": false,
                        "requires_age_check": false
                    },
                    "packaging": "Paquet",
                    "thumbnail": "https://prod-mercadona.imgix.net/20190521/62/11062/vlc1/11062_00_01.jpg?fit=crop&h=206&w=206",
                    "display_name": "Caf√® amb llet en c√†psula Cocatech",
                    "bunch_selector": false,
                    "price_instructions": {
                        "iva": 10,
                        "is_new": false,
                        "is_pack": false,
                        "pack_size": null,
                        "unit_name": "c√†psules",
                        "unit_size": 0.152,
                        "bulk_price": "0.21",
                        "unit_price": "3.40",
                        "approx_size": false,
                        "size_format": "kg",
                        "total_units": 16,
                        "unit_selector": true,
                        "bunch_selector": false,
                        "drained_weight": null,
                        "price_decreased": false,
                        "reference_price": "0.21",
                        "min_bunch_amount": 1.0,
                        "reference_format": "ud",
                        "increment_bunch_amount": 1.0
                    }
                },
                {
                    "id": "11019",
                    "limit": 1000,
                    "badges": {
                        "is_water": false,
                        "requires_age_check": false
                    },
                    "packaging": "Paquet",
                    "thumbnail": "https://prod-mercadona.imgix.net/20190521/19/11019/vlc1/11019_00_01.jpg?fit=crop&h=206&w=206",
                    "display_name": "Caf√® en c√†psula cl√†ssic Cocatech",
                    "bunch_selector": false,
                    "price_instructions": {
                        "iva": 10,
                        "is_new": false,
                        "is_pack": false,
                        "pack_size": null,
                        "unit_name": "c√†psules",
                        "unit_size": 0.12,
                        "bulk_price": "0.21",
                        "unit_price": "3.40",
                        "approx_size": false,
                        "size_format": "kg",
                        "total_units": 16,
                        "unit_selector": true,
                        "bunch_selector": false,
                        "drained_weight": null,
                        "price_decreased": false,
                        "reference_price": "0.21",
                        "min_bunch_amount": 1.0,
                        "reference_format": "ud",
                        "increment_bunch_amount": 1.0
                    }
                },
                {
                    "id": "11065",
                    "limit": 1000,
                    "badges": {
                        "is_water": false,
                        "requires_age_check": false
                    },
                    "packaging": "Paquet",
                    "thumbnail": "https://prod-mercadona.imgix.net/20190521/65/11065/vlc1/11065_00_01.jpg?fit=crop&h=206&w=206",
                    "display_name": "Tallat en c√†psula Cocatech",
                    "bunch_selector": false,
                    "price_instructions": {
                        "iva": 10,
                        "is_new": false,
                        "is_pack": false,
                        "pack_size": null,
                        "unit_name": "c√†psules",
                        "unit_size": 0.1008,
                        "bulk_price": "0.21",
                        "unit_price": "3.40",
                        "approx_size": false,
                        "size_format": "kg",
                        "total_units": 16,
                        "unit_selector": true,
                        "bunch_selector": false,
                        "drained_weight": null,
                        "price_decreased": false,
                        "reference_price": "0.21",
                        "min_bunch_amount": 1.0,
                        "reference_format": "ud",
                        "increment_bunch_amount": 1.0
                    }
                },
                {
                    "id": "11063",
                    "limit": 1000,
                    "badges": {
                        "is_water": false,
                        "requires_age_check": false
                    },
                    "packaging": "Paquet",
                    "thumbnail": "https://prod-mercadona.imgix.net/20190521/63/11063/vlc1/11063_00_01.jpg?fit=crop&h=206&w=206",
                    "display_name": "Caf√® amb llet en c√†psula descafe√Ønat Cocatech",
                    "bunch_selector": false,
                    "price_instructions": {
                        "iva": 10,
                        "is_new": false,
                        "is_pack": false,
                        "pack_size": null,
                        "unit_name": "c√†psules",
                        "unit_size": 0.16,
                        "bulk_price": "0.21",
                        "unit_price": "3.40",
                        "approx_size": false,
                        "size_format": "kg",
                        "total_units": 16,
                        "unit_selector": true,
                        "bunch_selector": false,
                        "drained_weight": null,
                        "price_decreased": false,
                        "reference_price": "0.21",
                        "min_bunch_amount": 1.0,
                        "reference_format": "ud",
                        "increment_bunch_amount": 1.0
                    }
                },
                {
                    "id": "11066",
                    "limit": 1000,
                    "badges": {
                        "is_water": false,
                        "requires_age_check": false
                    },
                    "packaging": "Paquet",
                    "thumbnail": "https://prod-mercadona.imgix.net/20190521/66/11066/vlc1/11066_00_01.jpg?fit=crop&h=206&w=206",
                    "display_name": "Tallat en c√†psula descafe√Ønat Cocatech",
                    "bunch_selector": false,
                    "price_instructions": {
                        "iva": 10,
                        "is_new": false,
                        "is_pack": false,
                        "pack_size": null,
                        "unit_name": "c√†psules",
                        "unit_size": 0.0912,
                        "bulk_price": "0.21",
                        "unit_price": "3.40",
                        "approx_size": false,
                        "size_format": "kg",
                        "total_units": 16,
                        "unit_selector": true,
                        "bunch_selector": false,
                        "drained_weight": null,
                        "price_decreased": false,
                        "reference_price": "0.21",
                        "min_bunch_amount": 1.0,
                        "reference_format": "ud",
                        "increment_bunch_amount": 1.0
                    }
                },
                {
                    "id": "11869",
                    "limit": 1000,
                    "badges": {
                        "is_water": false,
                        "requires_age_check": false
                    },
                    "packaging": "Capsa",
                    "thumbnail": "https://prod-mercadona.imgix.net/20190521/69/11869/vlc1/11869_00_01.jpg?fit=crop&h=206&w=206",
                    "display_name": "Caf√® en c√†psula descafe√Ønat expr√©s intens Dolce Gusto",
                    "bunch_selector": false,
                    "price_instructions": {
                        "iva": 10,
                        "is_new": false,
                        "is_pack": false,
                        "pack_size": null,
                        "unit_name": "c√†psules",
                        "unit_size": 0.112,
                        "bulk_price": "37.95",
                        "unit_price": "4.25",
                        "approx_size": false,
                        "size_format": "kg",
                        "total_units": 16,
                        "unit_selector": true,
                        "bunch_selector": false,
                        "drained_weight": null,
                        "price_decreased": false,
                        "reference_price": "37.95",
                        "min_bunch_amount": 1.0,
                        "reference_format": "kg",
                        "increment_bunch_amount": 1.0
                    }
                },
                {
                    "id": "11839",
                    "limit": 1000,
                    "badges": {
                        "is_water": false,
                        "requires_age_check": false
                    },
                    "packaging": "Capsa",
                    "thumbnail": "https://prod-mercadona.imgix.net/20190521/39/11839/vlc1/11839_00_01.jpg?fit=crop&h=206&w=206",
                    "display_name": "Caf√® en c√†psula tallat descafe√Ønat Dolce Gusto",
                    "bunch_selector": false,
                    "price_instructions": {
                        "iva": 10,
                        "is_new": false,
                        "is_pack": false,
                        "pack_size": null,
                        "unit_name": "c√†psules",
                        "unit_size": 0.0992,
                        "bulk_price": "42.93",
                        "unit_price": "4.25",
                        "approx_size": false,
                        "size_format": "kg",
                        "total_units": 16,
                        "unit_selector": true,
                        "bunch_selector": false,
                        "drained_weight": null,
                        "price_decreased": false,
                        "reference_price": "42.93",
                        "min_bunch_amount": 1.0,
                        "reference_format": "kg",
                        "increment_bunch_amount": 1.0
                    }
                },
                {
                    "id": "11870",
                    "limit": 1000,
                    "badges": {
                        "is_water": false,
                        "requires_age_check": false
                    },
                    "packaging": "Capsa",
                    "thumbnail": "https://prod-mercadona.imgix.net/20190521/70/11870/vlc1/11870_00_01.jpg?fit=crop&h=206&w=206",
                    "display_name": "Caf√® amb llet en c√†psula descafe√Ønat Dolce Gusto",
                    "bunch_selector": false,
                    "price_instructions": {
                        "iva": 10,
                        "is_new": false,
                        "is_pack": false,
                        "pack_size": null,
                        "unit_name": "c√†psules",
                        "unit_size": 0.16,
                        "bulk_price": "26.56",
                        "unit_price": "4.25",
                        "approx_size": false,
                        "size_format": "kg",
                        "total_units": 16,
                        "unit_selector": true,
                        "bunch_selector": false,
                        "drained_weight": null,
                        "price_decreased": false,
                        "reference_price": "26.56",
                        "min_bunch_amount": 1.0,
                        "reference_format": "kg",
                        "increment_bunch_amount": 1.0
                    }
                },
                {
                    "id": "11899",
                    "limit": 1000,
                    "badges": {
                        "is_water": false,
                        "requires_age_check": false
                    },
                    "packaging": "Capsa",
                    "thumbnail": "https://prod-mercadona.imgix.net/20190521/99/11899/vlc1/11899_00_01.jpg?fit=crop&h=206&w=206",
                    "display_name": "Caf√® en c√†psula caputxino Dolce Gusto",
                    "bunch_selector": false,
                    "price_instructions": {
                        "iva": 10,
                        "is_new": false,
                        "is_pack": false,
                        "pack_size": null,
                        "unit_name": "c√†psules",
                        "unit_size": 0.1864,
                        "bulk_price": "22.85",
                        "unit_price": "4.25",
                        "approx_size": false,
                        "size_format": "kg",
                        "total_units": 16,
                        "unit_selector": true,
                        "bunch_selector": false,
                        "drained_weight": null,
                        "price_decreased": false,
                        "reference_price": "22.85",
                        "min_bunch_amount": 1.0,
                        "reference_format": "kg",
                        "increment_bunch_amount": 1.0
                    }
                },
                {
                    "id": "11886",
                    "limit": 1000,
                    "badges": {
                        "is_water": false,
                        "requires_age_check": false
                    },
                    "packaging": "Capsa",
                    "thumbnail": "https://prod-mercadona.imgix.net/20190521/86/11886/vlc1/11886_00_01.jpg?fit=crop&h=206&w=206",
                    "display_name": "Chococino en c√†psula Dolce Gusto",
                    "bunch_selector": false,
                    "price_instructions": {
                        "iva": 10,
                        "is_new": false,
                        "is_pack": false,
                        "pack_size": null,
                        "unit_name": "c√†psules",
                        "unit_size": 0.256,
                        "bulk_price": "16.60",
                        "unit_price": "4.25",
                        "approx_size": false,
                        "size_format": "kg",
                        "total_units": 16,
                        "unit_selector": true,
                        "bunch_selector": false,
                        "drained_weight": null,
                        "price_decreased": false,
                        "reference_price": "16.60",
                        "min_bunch_amount": 1.0,
                        "reference_format": "kg",
                        "increment_bunch_amount": 1.0
                    }
                },
                {
                    "id": "11918",
                    "limit": 1000,
                    "badges": {
                        "is_water": false,
                        "requires_age_check": false
                    },
                    "packaging": "Capsa",
                    "thumbnail": "https://prod-mercadona.imgix.net/20190521/18/11918/vlc1/11918_00_01.jpg?fit=crop&h=206&w=206",
                    "display_name": "Caf√® en c√†psula ristretto napoli Dolce Gusto",
                    "bunch_selector": false,
                    "price_instructions": {
                        "iva": 10,
                        "is_new": false,
                        "is_pack": false,
                        "pack_size": null,
                        "unit_name": "c√†psules",
                        "unit_size": 0.128,
                        "bulk_price": "33.20",
                        "unit_price": "4.25",
                        "approx_size": false,
                        "size_format": "kg",
                        "total_units": 16,
                        "unit_selector": true,
                        "bunch_selector": false,
                        "drained_weight": null,
                        "price_decreased": false,
                        "reference_price": "33.20",
                        "min_bunch_amount": 1.0,
                        "reference_format": "kg",
                        "increment_bunch_amount": 1.0
                    }
                },
                {
                    "id": "11039",
                    "limit": 1000,
                    "badges": {
                        "is_water": false,
                        "requires_age_check": false
                    },
                    "packaging": "Paquet",
                    "thumbnail": "https://prod-mercadona.imgix.net/20190521/39/11039/vlc1/11039_00_01.jpg?fit=crop&h=206&w=206",
                    "display_name": "Caf√® en c√†psula descafe√Ønat Cocatech",
                    "bunch_selector": false,
                    "price_instructions": {
                        "iva": 10,
                        "is_new": false,
                        "is_pack": false,
                        "pack_size": null,
                        "unit_name": "c√†psules",
                        "unit_size": 0.112,
                        "bulk_price": "0.21",
                        "unit_price": "3.40",
                        "approx_size": false,
                        "size_format": "kg",
                        "total_units": 16,
                        "unit_selector": true,
                        "bunch_selector": false,
                        "drained_weight": null,
                        "price_decreased": false,
                        "reference_price": "0.21",
                        "min_bunch_amount": 1.0,
                        "reference_format": "ud",
                        "increment_bunch_amount": 1.0
                    }
                },
                {
                    "id": "11917",
                    "limit": 1000,
                    "badges": {
                        "is_water": false,
                        "requires_age_check": false
                    },
                    "packaging": "Capsa",
                    "thumbnail": "https://prod-mercadona.imgix.net/20190521/17/11917/vlc1/11917_00_01.jpg?fit=crop&h=206&w=206",
                    "display_name": "Caf√® en c√†psula ristretto ardenza Dolce Gusto",
                    "bunch_selector": false,
                    "price_instructions": {
                        "iva": 10,
                        "is_new": false,
                        "is_pack": false,
                        "pack_size": null,
                        "unit_name": "c√†psules",
                        "unit_size": 0.112,
                        "bulk_price": "33.20",
                        "unit_price": "4.25",
                        "approx_size": false,
                        "size_format": "kg",
                        "total_units": 16,
                        "unit_selector": true,
                        "bunch_selector": false,
                        "drained_weight": null,
                        "price_decreased": false,
                        "reference_price": "33.20",
                        "min_bunch_amount": 1.0,
                        "reference_format": "kg",
                        "increment_bunch_amount": 1.0
                    }
                },
                {
                    "id": "11893",
                    "limit": 1000,
                    "badges": {
                        "is_water": false,
                        "requires_age_check": false
                    },
                    "packaging": "Capsa",
                    "thumbnail": "https://prod-mercadona.imgix.net/20190521/93/11893/vlc1/11893_00_01.jpg?fit=crop&h=206&w=206",
                    "display_name": "Caf√® en c√†psula extrafort Hacendado Espresso",
                    "bunch_selector": false,
                    "price_instructions": {
                        "iva": 10,
                        "is_new": false,
                        "is_pack": false,
                        "pack_size": null,
                        "unit_name": "c√†psules",
                        "unit_size": 0.11,
                        "bulk_price": "0.17",
                        "unit_price": "3.74",
                        "approx_size": false,
                        "size_format": "kg",
                        "total_units": 22,
                        "unit_selector": true,
                        "bunch_selector": false,
                        "drained_weight": null,
                        "price_decreased": false,
                        "reference_price": "0.17",
                        "min_bunch_amount": 1.0,
                        "reference_format": "ud",
                        "increment_bunch_amount": 1.0
                    }
                },
                {
                    "id": "11891",
                    "limit": 1000,
                    "badges": {
                        "is_water": false,
                        "requires_age_check": false
                    },
                    "packaging": "Capsa",
                    "thumbnail": "https://prod-mercadona.imgix.net/20190521/91/11891/vlc1/11891_00_01.jpg?fit=crop&h=206&w=206",
                    "display_name": "Caf√® en c√†psula cl√†ssic Hacendado Espresso",
                    "bunch_selector": false,
                    "price_instructions": {
                        "iva": 10,
                        "is_new": false,
                        "is_pack": false,
                        "pack_size": null,
                        "unit_name": "c√†psules",
                        "unit_size": 0.099,
                        "bulk_price": "0.17",
                        "unit_price": "3.74",
                        "approx_size": false,
                        "size_format": "kg",
                        "total_units": 22,
                        "unit_selector": true,
                        "bunch_selector": false,
                        "drained_weight": null,
                        "price_decreased": false,
                        "reference_price": "0.17",
                        "min_bunch_amount": 1.0,
                        "reference_format": "ud",
                        "increment_bunch_amount": 1.0
                    }
                },
                {
                    "id": "11897",
                    "limit": 1000,
                    "badges": {
                        "is_water": false,
                        "requires_age_check": false
                    },
                    "packaging": "Capsa",
                    "thumbnail": "https://prod-mercadona.imgix.net/20190521/97/11897/vlc1/11897_00_01.jpg?fit=crop&h=206&w=206",
                    "display_name": "Caf√® en c√†psula ristretto Hacendado Espresso",
                    "bunch_selector": false,
                    "price_instructions": {
                        "iva": 10,
                        "is_new": false,
                        "is_pack": false,
                        "pack_size": null,
                        "unit_name": "c√†psules",
                        "unit_size": 0.099,
                        "bulk_price": "0.17",
                        "unit_price": "3.74",
                        "approx_size": false,
                        "size_format": "kg",
                        "total_units": 22,
                        "unit_selector": true,
                        "bunch_selector": false,
                        "drained_weight": null,
                        "price_decreased": false,
                        "reference_price": "0.17",
                        "min_bunch_amount": 1.0,
                        "reference_format": "ud",
                        "increment_bunch_amount": 1.0
                    }
                },
                {
                    "id": "11898",
                    "limit": 1000,
                    "badges": {
                        "is_water": false,
                        "requires_age_check": false
                    },
                    "packaging": "Capsa",
                    "thumbnail": "https://prod-mercadona.imgix.net/20190521/98/11898/vlc1/11898_00_01.jpg?fit=crop&h=206&w=206",
                    "display_name": "Caf√® en c√†psula lungo Hacendado",
                    "bunch_selector": false,
                    "price_instructions": {
                        "iva": 10,
                        "is_new": false,
                        "is_pack": false,
                        "pack_size": null,
                        "unit_name": "c√†psules",
                        "unit_size": 0.11,
                        "bulk_price": "0.17",
                        "unit_price": "3.74",
                        "approx_size": false,
                        "size_format": "kg",
                        "total_units": 22,
                        "unit_selector": true,
                        "bunch_selector": false,
                        "drained_weight": null,
                        "price_decreased": false,
                        "reference_price": "0.17",
                        "min_bunch_amount": 1.0,
                        "reference_format": "ud",
                        "increment_bunch_amount": 1.0
                    }
                },
                {
                    "id": "11890",
                    "limit": 1000,
                    "badges": {
                        "is_water": false,
                        "requires_age_check": false
                    },
                    "packaging": "Capsa",
                    "thumbnail": "https://prod-mercadona.imgix.net/20190521/90/11890/vlc1/11890_00_01.jpg?fit=crop&h=206&w=206",
                    "display_name": "Caf√® en c√†psula fort Hacendado Espresso",
                    "bunch_selector": false,
                    "price_instructions": {
                        "iva": 10,
                        "is_new": false,
                        "is_pack": false,
                        "pack_size": null,
                        "unit_name": "c√†psules",
                        "unit_size": 0.099,
                        "bulk_price": "0.17",
                        "unit_price": "3.74",
                        "approx_size": false,
                        "size_format": "kg",
                        "total_units": 22,
                        "unit_selector": true,
                        "bunch_selector": false,
                        "drained_weight": null,
                        "price_decreased": false,
                        "reference_price": "0.17",
                        "min_bunch_amount": 1.0,
                        "reference_format": "ud",
                        "increment_bunch_amount": 1.0
                    }
                },
                {
                    "id": "11892",
                    "limit": 1000,
                    "badges": {
                        "is_water": false,
                        "requires_age_check": false
                    },
                    "packaging": "Capsa",
                    "thumbnail": "https://prod-mercadona.imgix.net/20190521/92/11892/vlc1/11892_00_01.jpg?fit=crop&h=206&w=206",
                    "display_name": "Caf√® en c√†psula descafe√Ønat Hacendado Espresso",
                    "bunch_selector": false,
                    "price_instructions": {
                        "iva": 10,
                        "is_new": false,
                        "is_pack": false,
                        "pack_size": null,
                        "unit_name": "c√†psules",
                        "unit_size": 0.099,
                        "bulk_price": "0.17",
                        "unit_price": "3.74",
                        "approx_size": false,
                        "size_format": "kg",
                        "total_units": 22,
                        "unit_selector": true,
                        "bunch_selector": false,
                        "drained_weight": null,
                        "price_decreased": false,
                        "reference_price": "0.17",
                        "min_bunch_amount": 1.0,
                        "reference_format": "ud",
                        "increment_bunch_amount": 1.0
                    }
                },
                {
                    "id": "11895",
                    "limit": 1000,
                    "badges": {
                        "is_water": false,
                        "requires_age_check": false
                    },
                    "packaging": "Capsa",
                    "thumbnail": "https://prod-mercadona.imgix.net/20190521/95/11895/vlc1/11895_00_01.jpg?fit=crop&h=206&w=206",
                    "display_name": "Caf√® en c√†psula Col√≤mbia Hacendado Espresso",
                    "bunch_selector": false,
                    "price_instructions": {
                        "iva": 10,
                        "is_new": false,
                        "is_pack": false,
                        "pack_size": null,
                        "unit_name": "c√†psules",
                        "unit_size": 0.099,
                        "bulk_price": "0.17",
                        "unit_price": "3.80",
                        "approx_size": false,
                        "size_format": "kg",
                        "total_units": 22,
                        "unit_selector": true,
                        "bunch_selector": false,
                        "drained_weight": null,
                        "price_decreased": false,
                        "reference_price": "0.17",
                        "min_bunch_amount": 1.0,
                        "reference_format": "ud",
                        "increment_bunch_amount": 1.0
                    }
                },
                {
                    "id": "11067",
                    "limit": 1000,
                    "badges": {
                        "is_water": false,
                        "requires_age_check": false
                    },
                    "packaging": "Paquet",
                    "thumbnail": "https://prod-mercadona.imgix.net/20190521/67/11067/vlc1/11067_00_02.jpg?fit=crop&h=206&w=206",
                    "display_name": "Preparat de llet en c√†psula Cocatech",
                    "bunch_selector": false,
                    "price_instructions": {
                        "iva": 10,
                        "is_new": false,
                        "is_pack": false,
                        "pack_size": null,
                        "unit_name": "c√†psules",
                        "unit_size": 0.272,
                        "bulk_price": "0.20",
                        "unit_price": "3.25",
                        "approx_size": false,
                        "size_format": "kg",
                        "total_units": 16,
                        "unit_selector": true,
                        "bunch_selector": false,
                        "drained_weight": null,
                        "price_decreased": false,
                        "reference_price": "0.20",
                        "min_bunch_amount": 1.0,
                        "reference_format": "ud",
                        "increment_bunch_amount": 1.0
                    }
                }
            ],
            "is_extended": false
        },
        {
            "id": 83,
            "name": "Caf√® molt i en gra",
            "layout": 1,
            "products": [
                {
                    "id": "11710",
                    "limit": 1000,
                    "badges": {
                        "is_water": false,
                        "requires_age_check": false
                    },
                    "packaging": "Paquet",
                    "thumbnail": "https://prod-mercadona.imgix.net/20190521/10/11710/vlc1/11710_00_02.jpg?fit=crop&h=206&w=206",
                    "display_name": "Caf√® molt mescla forta Hacendado",
                    "bunch_selector": false,
                    "price_instructions": {
                        "iva": 10,
                        "is_new": false,
                        "is_pack": false,
                        "pack_size": null,
                        "unit_name": null,
                        "unit_size": 0.25,
                        "bulk_price": "4.76",
                        "unit_price": "1.19",
                        "approx_size": false,
                        "size_format": "kg",
                        "total_units": null,
                        "unit_selector": true,
                        "bunch_selector": false,
                        "drained_weight": null,
                        "price_decreased": false,
                        "reference_price": "4.76",
                        "min_bunch_amount": 1.0,
                        "reference_format": "kg",
                        "increment_bunch_amount": 1.0
                    }
                },
                {
                    "id": "11709",
                    "limit": 1000,
                    "badges": {
                        "is_water": false,
                        "requires_age_check": false
                    },
                    "packaging": "Paquet",
                    "thumbnail": "https://prod-mercadona.imgix.net/20190521/09/11709/vlc1/11709_00_02.jpg?fit=crop&h=206&w=206",
                    "display_name": "Caf√® molt natural Hacendado",
                    "bunch_selector": false,
                    "price_instructions": {
                        "iva": 10,
                        "is_new": false,
                        "is_pack": false,
                        "pack_size": null,
                        "unit_name": null,
                        "unit_size": 0.25,
                        "bulk_price": "4.20",
                        "unit_price": "1.05",
                        "approx_size": false,
                        "size_format": "kg",
                        "total_units": null,
                        "unit_selector": true,
                        "bunch_selector": false,
                        "drained_weight": null,
                        "price_decreased": false,
                        "reference_price": "4.20",
                        "min_bunch_amount": 1.0,
                        "reference_format": "kg",
                        "increment_bunch_amount": 1.0
                    }
                },
                {
                    "id": "11714",
                    "limit": 1000,
                    "badges": {
                        "is_water": false,
                        "requires_age_check": false
                    },
                    "packaging": "Paquet",
                    "thumbnail": "https://prod-mercadona.imgix.net/20190521/14/11714/vlc1/11714_00_02.jpg?fit=crop&h=206&w=206",
                    "display_name": "Caf√® molt natural Hacendado Espresso",
                    "bunch_selector": false,
                    "price_instructions": {
                        "iva": 10,
                        "is_new": false,
                        "is_pack": false,
                        "pack_size": null,
                        "unit_name": null,
                        "unit_size": 0.25,
                        "bulk_price": "7.40",
                        "unit_price": "1.85",
                        "approx_size": false,
                        "size_format": "kg",
                        "total_units": null,
                        "unit_selector": true,
                        "bunch_selector": false,
                        "drained_weight": null,
                        "price_decreased": false,
                        "reference_price": "7.40",
                        "min_bunch_amount": 1.0,
                        "reference_format": "kg",
                        "increment_bunch_amount": 1.0
                    }
                },
                {
                    "id": "11810",
                    "limit": 1000,
                    "badges": {
                        "is_water": false,
                        "requires_age_check": false
                    },
                    "packaging": "Paquet",
                    "thumbnail": "https://prod-mercadona.imgix.net/20190521/10/11810/vlc1/11810_00_02.jpg?fit=crop&h=206&w=206",
                    "display_name": "Caf√® molt natural Caf√©s Valiente",
                    "bunch_selector": false,
                    "price_instructions": {
                        "iva": 10,
                        "is_new": false,
                        "is_pack": false,
                        "pack_size": null,
                        "unit_name": null,
                        "unit_size": 0.25,
                        "bulk_price": "12.36",
                        "unit_price": "3.09",
                        "approx_size": false,
                        "size_format": "kg",
                        "total_units": null,
                        "unit_selector": true,
                        "bunch_selector": false,
                        "drained_weight": null,
                        "price_decreased": false,
                        "reference_price": "12.36",
                        "min_bunch_amount": 1.0,
                        "reference_format": "kg",
                        "increment_bunch_amount": 1.0
                    }
                },
                {
                    "id": "11845",
                    "limit": 1000,
                    "badges": {
                        "is_water": false,
                        "requires_age_check": false
                    },
                    "packaging": "Capsa",
                    "thumbnail": "https://prod-mercadona.imgix.net/20190521/45/11845/vlc1/11845_00_02.jpg?fit=crop&h=206&w=206",
                    "display_name": "Caf√® molt mescla Marcilla cr√®me express",
                    "bunch_selector": false,
                    "price_instructions": {
                        "iva": 10,
                        "is_new": false,
                        "is_pack": false,
                        "pack_size": null,
                        "unit_name": null,
                        "unit_size": 0.25,
                        "bulk_price": "12.76",
                        "unit_price": "3.19",
                        "approx_size": false,
                        "size_format": "kg",
                        "total_units": null,
                        "unit_selector": true,
                        "bunch_selector": false,
                        "drained_weight": null,
                        "price_decreased": false,
                        "reference_price": "12.76",
                        "min_bunch_amount": 1.0,
                        "reference_format": "kg",
                        "increment_bunch_amount": 1.0
                    }
                },
                {
                    "id": "11766",
                    "limit": 1000,
                    "badges": {
                        "is_water": false,
                        "requires_age_check": false
                    },
                    "packaging": "Paquet",
                    "thumbnail": "https://prod-mercadona.imgix.net/20190521/66/11766/vlc1/11766_00_02.jpg?fit=crop&h=206&w=206",
                    "display_name": "Caf√® molt descafe√Ønat natural Hacendado",
                    "bunch_selector": false,
                    "price_instructions": {
                        "iva": 10,
                        "is_new": false,
                        "is_pack": false,
                        "pack_size": null,
                        "unit_name": null,
                        "unit_size": 0.25,
                        "bulk_price": "5.00",
                        "unit_price": "1.25",
                        "approx_size": false,
                        "size_format": "kg",
                        "total_units": null,
                        "unit_selector": true,
                        "bunch_selector": false,
                        "drained_weight": null,
                        "price_decreased": false,
                        "reference_price": "5.00",
                        "min_bunch_amount": 1.0,
                        "reference_format": "kg",
                        "increment_bunch_amount": 1.0
                    }
                },
                {
                    "id": "11753",
                    "limit": 1000,
                    "badges": {
                        "is_water": false,
                        "requires_age_check": false
                    },
                    "packaging": "Paquet",
                    "thumbnail": "https://prod-mercadona.imgix.net/20190521/53/11753/vlc1/11753_00_02.jpg?fit=crop&h=206&w=206",
                    "display_name": "Caf√® molt natural Bonka",
                    "bunch_selector": false,
                    "price_instructions": {
                        "iva": 10,
                        "is_new": false,
                        "is_pack": false,
                        "pack_size": null,
                        "unit_name": null,
                        "unit_size": 0.25,
                        "bulk_price": "8.00",
                        "unit_price": "2.00",
                        "approx_size": false,
                        "size_format": "kg",
                        "total_units": null,
                        "unit_selector": true,
                        "bunch_selector": false,
                        "drained_weight": null,
                        "price_decreased": false,
                        "reference_price": "8.00",
                        "min_bunch_amount": 1.0,
                        "reference_format": "kg",
                        "increment_bunch_amount": 1.0
                    }
                },
                {
                    "id": "11702",
                    "limit": 1000,
                    "badges": {
                        "is_water": false,
                        "requires_age_check": false
                    },
                    "packaging": "Paquet",
                    "thumbnail": "https://prod-mercadona.imgix.net/20190521/02/11702/vlc1/11702_00_02.jpg?fit=crop&h=206&w=206",
                    "display_name": "Caf√® molt natural Hacendado",
                    "bunch_selector": false,
                    "price_instructions": {
                        "iva": 10,
                        "is_new": false,
                        "is_pack": false,
                        "pack_size": null,
                        "unit_name": null,
                        "unit_size": 0.5,
                        "bulk_price": "4.10",
                        "unit_price": "2.05",
                        "approx_size": false,
                        "size_format": "kg",
                        "total_units": null,
                        "unit_selector": true,
                        "bunch_selector": false,
                        "drained_weight": null,
                        "price_decreased": false,
                        "reference_price": "4.10",
                        "min_bunch_amount": 1.0,
                        "reference_format": "kg",
                        "increment_bunch_amount": 1.0
                    }
                },
                {
                    "id": "11704",
                    "limit": 1000,
                    "badges": {
                        "is_water": false,
                        "requires_age_check": false
                    },
                    "packaging": "Paquet",
                    "thumbnail": "https://prod-mercadona.imgix.net/20190521/04/11704/vlc1/11704_00_02.jpg?fit=crop&h=206&w=206",
                    "display_name": "Caf√® molt mescla forta Hacendado",
                    "bunch_selector": false,
                    "price_instructions": {
                        "iva": 10,
                        "is_new": false,
                        "is_pack": false,
                        "pack_size": null,
                        "unit_name": null,
                        "unit_size": 0.5,
                        "bulk_price": "4.60",
                        "unit_price": "2.30",
                        "approx_size": false,
                        "size_format": "kg",
                        "total_units": null,
                        "unit_selector": true,
                        "bunch_selector": false,
                        "drained_weight": null,
                        "price_decreased": false,
                        "reference_price": "4.60",
                        "min_bunch_amount": 1.0,
                        "reference_format": "kg",
                        "increment_bunch_amount": 1.0
                    }
                },
                {
                    "id": "11719",
                    "limit": 1000,
                    "badges": {
                        "is_water": false,
                        "requires_age_check": false
                    },
                    "packaging": "Paquet",
                    "thumbnail": "https://prod-mercadona.imgix.net/20190521/19/11719/vlc1/11719_00_02.jpg?fit=crop&h=206&w=206",
                    "display_name": "Caf√® molt descafe√Ønat mescla Hacendado",
                    "bunch_selector": false,
                    "price_instructions": {
                        "iva": 10,
                        "is_new": false,
                        "is_pack": false,
                        "pack_size": null,
                        "unit_name": null,
                        "unit_size": 0.5,
                        "bulk_price": "5.00",
                        "unit_price": "2.50",
                        "approx_size": false,
                        "size_format": "kg",
                        "total_units": null,
                        "unit_selector": true,
                        "bunch_selector": false,
                        "drained_weight": null,
                        "price_decreased": false,
                        "reference_price": "5.00",
                        "min_bunch_amount": 1.0,
                        "reference_format": "kg",
                        "increment_bunch_amount": 1.0
                    }
                },
                {
                    "id": "11737",
                    "limit": 1000,
                    "badges": {
                        "is_water": false,
                        "requires_age_check": false
                    },
                    "packaging": "Paquet",
                    "thumbnail": "https://prod-mercadona.imgix.net/20190521/37/11737/vlc1/11737_00_02.jpg?fit=crop&h=206&w=206",
                    "display_name": "Caf√® molt descafe√Ønat natural Hacendado",
                    "bunch_selector": false,
                    "price_instructions": {
                        "iva": 10,
                        "is_new": false,
                        "is_pack": false,
                        "pack_size": null,
                        "unit_name": null,
                        "unit_size": 0.5,
                        "bulk_price": "4.92",
                        "unit_price": "2.46",
                        "approx_size": false,
                        "size_format": "kg",
                        "total_units": null,
                        "unit_selector": true,
                        "bunch_selector": false,
                        "drained_weight": null,
                        "price_decreased": false,
                        "reference_price": "4.92",
                        "min_bunch_amount": 1.0,
                        "reference_format": "kg",
                        "increment_bunch_amount": 1.0
                    }
                },
                {
                    "id": "11711",
                    "limit": 1000,
                    "badges": {
                        "is_water": false,
                        "requires_age_check": false
                    },
                    "packaging": "Paquet",
                    "thumbnail": "https://prod-mercadona.imgix.net/20190521/11/11711/vlc1/11711_00_02.jpg?fit=crop&h=206&w=206",
                    "display_name": "Caf√® molt descafe√Ønat mescla Hacendado",
                    "bunch_selector": false,
                    "price_instructions": {
                        "iva": 10,
                        "is_new": false,
                        "is_pack": false,
                        "pack_size": null,
                        "unit_name": null,
                        "unit_size": 0.25,
                        "bulk_price": "5.16",
                        "unit_price": "1.29",
                        "approx_size": false,
                        "size_format": "kg",
                        "total_units": null,
                        "unit_selector": true,
                        "bunch_selector": false,
                        "drained_weight": null,
                        "price_decreased": false,
                        "reference_price": "5.16",
                        "min_bunch_amount": 1.0,
                        "reference_format": "kg",
                        "increment_bunch_amount": 1.0
                    }
                },
                {
                    "id": "11752",
                    "limit": 1000,
                    "badges": {
                        "is_water": false,
                        "requires_age_check": false
                    },
                    "packaging": "Paquet",
                    "thumbnail": "https://prod-mercadona.imgix.net/20190521/52/11752/vlc1/11752_00_02.jpg?fit=crop&h=206&w=206",
                    "display_name": "Caf√® molt mescla Hacendado Espresso",
                    "bunch_selector": false,
                    "price_instructions": {
                        "iva": 10,
                        "is_new": false,
                        "is_pack": false,
                        "pack_size": null,
                        "unit_name": null,
                        "unit_size": 0.25,
                        "bulk_price": "7.40",
                        "unit_price": "1.85",
                        "approx_size": false,
                        "size_format": "kg",
                        "total_units": null,
                        "unit_selector": true,
                        "bunch_selector": false,
                        "drained_weight": null,
                        "price_decreased": false,
                        "reference_price": "7.40",
                        "min_bunch_amount": 1.0,
                        "reference_format": "kg",
                        "increment_bunch_amount": 1.0
                    }
                },
                {
                    "id": "11744",
                    "limit": 1000,
                    "badges": {
                        "is_water": false,
                        "requires_age_check": false
                    },
                    "packaging": "Paquet",
                    "thumbnail": "https://prod-mercadona.imgix.net/20190521/44/11744/vlc1/11744_00_02.jpg?fit=crop&h=206&w=206",
                    "display_name": "Caf√® molt descafe√Ønat Hacendado Espresso",
                    "bunch_selector": false,
                    "price_instructions": {
                        "iva": 10,
                        "is_new": false,
                        "is_pack": false,
                        "pack_size": null,
                        "unit_name": null,
                        "unit_size": 0.25,
                        "bulk_price": "8.40",
                        "unit_price": "2.10",
                        "approx_size": false,
                        "size_format": "kg",
                        "total_units": null,
                        "unit_selector": true,
                        "bunch_selector": false,
                        "drained_weight": null,
                        "price_decreased": false,
                        "reference_price": "8.40",
                        "min_bunch_amount": 1.0,
                        "reference_format": "kg",
                        "increment_bunch_amount": 1.0
                    }
                },
                {
                    "id": "11722",
                    "limit": 1000,
                    "badges": {
                        "is_water": false,
                        "requires_age_check": false
                    },
                    "packaging": "Paquet",
                    "thumbnail": "https://prod-mercadona.imgix.net/20190521/22/11722/vlc1/11722_00_02.jpg?fit=crop&h=206&w=206",
                    "display_name": "Caf√® molt intens Hacendado",
                    "bunch_selector": false,
                    "price_instructions": {
                        "iva": 10,
                        "is_new": false,
                        "is_pack": false,
                        "pack_size": null,
                        "unit_name": null,
                        "unit_size": 0.25,
                        "bulk_price": "7.60",
                        "unit_price": "1.90",
                        "approx_size": false,
                        "size_format": "kg",
                        "total_units": null,
                        "unit_selector": true,
                        "bunch_selector": false,
                        "drained_weight": null,
                        "price_decreased": false,
                        "reference_price": "7.60",
                        "min_bunch_amount": 1.0,
                        "reference_format": "kg",
                        "increment_bunch_amount": 1.0
                    }
                },
                {
                    "id": "11715",
                    "limit": 1000,
                    "badges": {
                        "is_water": false,
                        "requires_age_check": false
                    },
                    "packaging": "Paquet",
                    "thumbnail": "https://prod-mercadona.imgix.net/20190521/15/11715/vlc1/11715_00_02.jpg?fit=crop&h=206&w=206",
                    "display_name": "Caf√® molt Col√≤mbia Hacendado",
                    "bunch_selector": false,
                    "price_instructions": {
                        "iva": 10,
                        "is_new": false,
                        "is_pack": false,
                        "pack_size": null,
                        "unit_name": null,
                        "unit_size": 0.25,
                        "bulk_price": "9.80",
                        "unit_price": "2.45",
                        "approx_size": false,
                        "size_format": "kg",
                        "total_units": null,
                        "unit_selector": true,
                        "bunch_selector": false,
                        "drained_weight": null,
                        "price_decreased": false,
                        "reference_price": "9.80",
                        "min_bunch_amount": 1.0,
                        "reference_format": "kg",
                        "increment_bunch_amount": 1.0
                    }
                },
                {
                    "id": "11042",
                    "limit": 1000,
                    "badges": {
                        "is_water": false,
                        "requires_age_check": false
                    },
                    "packaging": "Paquet-2",
                    "thumbnail": "https://prod-mercadona.imgix.net/20190521/42/11042/vlc1/11042_00_01.jpg?fit=crop&h=206&w=206",
                    "display_name": "Caf√® molt natural Hacendado",
                    "bunch_selector": false,
                    "price_instructions": {
                        "iva": 10,
                        "is_new": false,
                        "is_pack": true,
                        "pack_size": 0.5,
                        "unit_name": "paquets",
                        "unit_size": 1.0,
                        "bulk_price": "4.05",
                        "unit_price": "4.05",
                        "approx_size": false,
                        "size_format": "kg",
                        "total_units": 2,
                        "unit_selector": true,
                        "bunch_selector": false,
                        "drained_weight": null,
                        "price_decreased": false,
                        "reference_price": "4.05",
                        "min_bunch_amount": 1.0,
                        "reference_format": "kg",
                        "increment_bunch_amount": 1.0
                    }
                },
                {
                    "id": "11037",
                    "limit": 1000,
                    "badges": {
                        "is_water": false,
                        "requires_age_check": false
                    },
                    "packaging": "Paquet-2",
                    "thumbnail": "https://prod-mercadona.imgix.net/20190521/37/11037/vlc1/11037_00_01.jpg?fit=crop&h=206&w=206",
                    "display_name": "Caf√® molt mescla forta Hacendado",
                    "bunch_selector": false,
                    "price_instructions": {
                        "iva": 10,
                        "is_new": false,
                        "is_pack": true,
                        "pack_size": 0.5,
                        "unit_name": "paquets",
                        "unit_size": 1.0,
                        "bulk_price": "4.45",
                        "unit_price": "4.45",
                        "approx_size": false,
                        "size_format": "kg",
                        "total_units": 2,
                        "unit_selector": true,
                        "bunch_selector": false,
                        "drained_weight": null,
                        "price_decreased": false,
                        "reference_price": "4.45",
                        "min_bunch_amount": 1.0,
                        "reference_format": "kg",
                        "increment_bunch_amount": 1.0
                    }
                },
                {
                    "id": "11053",
                    "limit": 1000,
                    "badges": {
                        "is_water": false,
                        "requires_age_check": false
                    },
                    "packaging": "Paquet",
                    "thumbnail": "https://prod-mercadona.imgix.net/20190521/53/11053/vlc1/11053_00_02.jpg?fit=crop&h=206&w=206",
                    "display_name": "Caf√® molt mescla suau Hacendado",
                    "bunch_selector": false,
                    "price_instructions": {
                        "iva": 10,
                        "is_new": false,
                        "is_pack": false,
                        "pack_size": null,
                        "unit_name": null,
                        "unit_size": 0.25,
                        "bulk_price": "5.16",
                        "unit_price": "1.29",
                        "approx_size": false,
                        "size_format": "kg",
                        "total_units": null,
                        "unit_selector": true,
                        "bunch_selector": false,
                        "drained_weight": null,
                        "price_decreased": false,
                        "reference_price": "5.16",
                        "min_bunch_amount": 1.0,
                        "reference_format": "kg",
                        "increment_bunch_amount": 1.0
                    }
                },
                {
                    "id": "11012",
                    "limit": 1000,
                    "badges": {
                        "is_water": false,
                        "requires_age_check": false
                    },
                    "packaging": "Paquet",
                    "thumbnail": "https://prod-mercadona.imgix.net/20190521/12/11012/vlc1/11012_00_02.jpg?fit=crop&h=206&w=206",
                    "display_name": "Caf√® en gra natural Hacendado",
                    "bunch_selector": false,
                    "price_instructions": {
                        "iva": 10,
                        "is_new": false,
                        "is_pack": false,
                        "pack_size": null,
                        "unit_name": null,
                        "unit_size": 1.0,
                        "bulk_price": "5.95",
                        "unit_price": "5.95",
                        "approx_size": false,
                        "size_format": "kg",
                        "total_units": null,
                        "unit_selector": true,
                        "bunch_selector": false,
                        "drained_weight": null,
                        "price_decreased": false,
                        "reference_price": "5.95",
                        "min_bunch_amount": 1.0,
                        "reference_format": "kg",
                        "increment_bunch_amount": 1.0
                    }
                },
                {
                    "id": "11055",
                    "limit": 1000,
                    "badges": {
                        "is_water": false,
                        "requires_age_check": false
                    },
                    "packaging": "Paquet",
                    "thumbnail": "https://prod-mercadona.imgix.net/20190521/55/11055/vlc1/11055_00_02.jpg?fit=crop&h=206&w=206",
                    "display_name": "Caf√® molt natural fort Hacendado",
                    "bunch_selector": false,
                    "price_instructions": {
                        "iva": 10,
                        "is_new": false,
                        "is_pack": false,
                        "pack_size": null,
                        "unit_name": null,
                        "unit_size": 0.25,
                        "bulk_price": "4.76",
                        "unit_price": "1.19",
                        "approx_size": false,
                        "size_format": "kg",
                        "total_units": null,
                        "unit_selector": true,
                        "bunch_selector": false,
                        "drained_weight": null,
                        "price_decreased": false,
                        "reference_price": "4.76",
                        "min_bunch_amount": 1.0,
                        "reference_format": "kg",
                        "increment_bunch_amount": 1.0
                    }
                },
                {
                    "id": "11031",
                    "limit": 1000,
                    "badges": {
                        "is_water": false,
                        "requires_age_check": false
                    },
                    "packaging": "Paquet",
                    "thumbnail": "https://prod-mercadona.imgix.net/20190521/31/11031/vlc1/11031_00_02.jpg?fit=crop&h=206&w=206",
                    "display_name": "Caf√® en gra mescla suau Hacendado",
                    "bunch_selector": false,
                    "price_instructions": {
                        "iva": 10,
                        "is_new": false,
                        "is_pack": false,
                        "pack_size": null,
                        "unit_name": null,
                        "unit_size": 1.0,
                        "bulk_price": "5.95",
                        "unit_price": "5.95",
                        "approx_size": false,
                        "size_format": "kg",
                        "total_units": null,
                        "unit_selector": true,
                        "bunch_selector": false,
                        "drained_weight": null,
                        "price_decreased": false,
                        "reference_price": "5.95",
                        "min_bunch_amount": 1.0,
                        "reference_format": "kg",
                        "increment_bunch_amount": 1.0
                    }
                },
                {
                    "id": "11007",
                    "limit": 1000,
                    "badges": {
                        "is_water": false,
                        "requires_age_check": false
                    },
                    "packaging": "Paquet",
                    "thumbnail": "https://prod-mercadona.imgix.net/20190521/07/11007/vlc1/11007_00_02.jpg?fit=crop&h=206&w=206",
                    "display_name": "Caf√® en gra mescla forta Hacendado",
                    "bunch_selector": false,
                    "price_instructions": {
                        "iva": 10,
                        "is_new": false,
                        "is_pack": false,
                        "pack_size": null,
                        "unit_name": null,
                        "unit_size": 1.0,
                        "bulk_price": "5.95",
                        "unit_price": "5.95",
                        "approx_size": false,
                        "size_format": "kg",
                        "total_units": null,
                        "unit_selector": true,
                        "bunch_selector": false,
                        "drained_weight": null,
                        "price_decreased": false,
                        "reference_price": "5.95",
                        "min_bunch_amount": 1.0,
                        "reference_format": "kg",
                        "increment_bunch_amount": 1.0
                    }
                },
                {
                    "id": "11021",
                    "limit": 1000,
                    "badges": {
                        "is_water": false,
                        "requires_age_check": false
                    },
                    "packaging": "Paquet",
                    "thumbnail": "https://prod-mercadona.imgix.net/20190521/21/11021/vlc1/11021_00_02.jpg?fit=crop&h=206&w=206",
                    "display_name": "Caf√® en gra descafe√Ønat natural Hacendado",
                    "bunch_selector": false,
                    "price_instructions": {
                        "iva": 10,
                        "is_new": false,
                        "is_pack": false,
                        "pack_size": null,
                        "unit_name": null,
                        "unit_size": 0.5,
                        "bulk_price": "7.20",
                        "unit_price": "3.60",
                        "approx_size": false,
                        "size_format": "kg",
                        "total_units": null,
                        "unit_selector": true,
                        "bunch_selector": false,
                        "drained_weight": null,
                        "price_decreased": false,
                        "reference_price": "7.20",
                        "min_bunch_amount": 1.0,
                        "reference_format": "kg",
                        "increment_bunch_amount": 1.0
                    }
                },
                {
                    "id": "11020",
                    "limit": 1000,
                    "badges": {
                        "is_water": false,
                        "requires_age_check": false
                    },
                    "packaging": "Paquet",
                    "thumbnail": "https://prod-mercadona.imgix.net/20190521/20/11020/vlc1/11020_00_02.jpg?fit=crop&h=206&w=206",
                    "display_name": "Caf√® en gra torrefacte Hacendado",
                    "bunch_selector": false,
                    "price_instructions": {
                        "iva": 10,
                        "is_new": false,
                        "is_pack": false,
                        "pack_size": null,
                        "unit_name": null,
                        "unit_size": 0.5,
                        "bulk_price": "6.40",
                        "unit_price": "3.20",
                        "approx_size": false,
                        "size_format": "kg",
                        "total_units": null,
                        "unit_selector": true,
                        "bunch_selector": false,
                        "drained_weight": null,
                        "price_decreased": false,
                        "reference_price": "6.40",
                        "min_bunch_amount": 1.0,
                        "reference_format": "kg",
                        "increment_bunch_amount": 1.0
                    }
                }
            ],
            "is_extended": false
        },
        {
            "id": 84,
            "name": "Caf√® soluble i altres begudes",
            "layout": 1,
            "products": [
                {
                    "id": "11445",
                    "limit": 1000,
                    "badges": {
                        "is_water": false,
                        "requires_age_check": false
                    },
                    "packaging": "Pot",
                    "thumbnail": "https://prod-mercadona.imgix.net/20190521/45/11445/vlc1/11445_00_02.jpg?fit=crop&h=206&w=206",
                    "display_name": "Cereals ecol√≤gics solubles Eko natural",
                    "bunch_selector": false,
                    "price_instructions": {
                        "iva": 10,
                        "is_new": false,
                        "is_pack": false,
                        "pack_size": null,
                        "unit_name": null,
                        "unit_size": 0.15,
                        "bulk_price": "16.00",
                        "unit_price": "2.40",
                        "approx_size": false,
                        "size_format": "kg",
                        "total_units": null,
                        "unit_selector": true,
                        "bunch_selector": false,
                        "drained_weight": null,
                        "price_decreased": false,
                        "reference_price": "16.00",
                        "min_bunch_amount": 1.0,
                        "reference_format": "kg",
                        "increment_bunch_amount": 1.0
                    }
                },
                {
                    "id": "10660",
                    "limit": 1000,
                    "badges": {
                        "is_water": false,
                        "requires_age_check": false
                    },
                    "packaging": "Got",
                    "thumbnail": "https://prod-mercadona.imgix.net/20190521/60/10660/vlc1/10660_00_02.jpg?fit=crop&h=206&w=206",
                    "display_name": "Caf√® sol amb sucre Hacendado",
                    "bunch_selector": false,
                    "price_instructions": {
                        "iva": 10,
                        "is_new": false,
                        "is_pack": false,
                        "pack_size": null,
                        "unit_name": null,
                        "unit_size": 0.175,
                        "bulk_price": "4.29",
                        "unit_price": "0.75",
                        "approx_size": false,
                        "size_format": "l",
                        "total_units": null,
                        "unit_selector": true,
                        "bunch_selector": false,
                        "drained_weight": null,
                        "price_decreased": false,
                        "reference_price": "4.29",
                        "min_bunch_amount": 1.0,
                        "reference_format": "L",
                        "increment_bunch_amount": 1.0
                    }
                },
                {
                    "id": "10661",
                    "limit": 1000,
                    "badges": {
                        "is_water": false,
                        "requires_age_check": false
                    },
                    "packaging": "Got",
                    "thumbnail": "https://prod-mercadona.imgix.net/20190521/61/10661/vlc1/10661_00_02.jpg?fit=crop&h=206&w=206",
                    "display_name": "Caf√® amb llet sense sucres afegits",
                    "bunch_selector": false,
                    "price_instructions": {
                        "iva": 10,
                        "is_new": false,
                        "is_pack": false,
                        "pack_size": null,
                        "unit_name": null,
                        "unit_size": 0.25,
                        "bulk_price": "3.00",
                        "unit_price": "0.75",
                        "approx_size": false,
                        "size_format": "l",
                        "total_units": null,
                        "unit_selector": true,
                        "bunch_selector": false,
                        "drained_weight": null,
                        "price_decreased": false,
                        "reference_price": "3.00",
                        "min_bunch_amount": 1.0,
                        "reference_format": "L",
                        "increment_bunch_amount": 1.0
                    }
                },
                {
                    "id": "11187",
                    "limit": 1000,
                    "badges": {
                        "is_water": false,
                        "requires_age_check": false
                    },
                    "packaging": "Pot",
                    "thumbnail": "https://prod-mercadona.imgix.net/20190521/87/11187/vlc1/11187_00_02.jpg?fit=crop&h=206&w=206",
                    "display_name": "Cereals solubles amb xicoira Hacendado",
                    "bunch_selector": false,
                    "price_instructions": {
                        "iva": 10,
                        "is_new": false,
                        "is_pack": false,
                        "pack_size": null,
                        "unit_name": null,
                        "unit_size": 0.15,
                        "bulk_price": "10.60",
                        "unit_price": "1.59",
                        "approx_size": false,
                        "size_format": "kg",
                        "total_units": null,
                        "unit_selector": true,
                        "bunch_selector": false,
                        "drained_weight": null,
                        "price_decreased": false,
                        "reference_price": "10.60",
                        "min_bunch_amount": 1.0,
                        "reference_format": "kg",
                        "increment_bunch_amount": 1.0
                    }
                },
                {
                    "id": "11200",
                    "limit": 1000,
                    "badges": {
                        "is_water": false,
                        "requires_age_check": false
                    },
                    "packaging": "Paquet",
                    "thumbnail": "https://prod-mercadona.imgix.net/20190521/00/11200/vlc1/11200_00_02.jpg?fit=crop&h=206&w=206",
                    "display_name": "Malta molta El Miguelete",
                    "bunch_selector": false,
                    "price_instructions": {
                        "iva": 10,
                        "is_new": false,
                        "is_pack": false,
                        "pack_size": null,
                        "unit_name": null,
                        "unit_size": 0.5,
                        "bulk_price": "2.86",
                        "unit_price": "1.43",
                        "approx_size": false,
                        "size_format": "kg",
                        "total_units": null,
                        "unit_selector": true,
                        "bunch_selector": false,
                        "drained_weight": null,
                        "price_decreased": false,
                        "reference_price": "2.86",
                        "min_bunch_amount": 1.0,
                        "reference_format": "kg",
                        "increment_bunch_amount": 1.0
                    }
                },
                {
                    "id": "10449",
                    "limit": 1000,
                    "badges": {
                        "is_water": false,
                        "requires_age_check": false
                    },
                    "packaging": "Paquet",
                    "thumbnail": "https://prod-mercadona.imgix.net/20190521/49/10449/vlc1/10449_00_07.jpg?fit=crop&h=206&w=206",
                    "display_name": "Crema de llet per a caf√® Campina",
                    "bunch_selector": false,
                    "price_instructions": {
                        "iva": 10,
                        "is_new": false,
                        "is_pack": false,
                        "pack_size": null,
                        "unit_name": "u.",
                        "unit_size": 0.2,
                        "bulk_price": "3.75",
                        "unit_price": "0.75",
                        "approx_size": false,
                        "size_format": "l",
                        "total_units": 20,
                        "unit_selector": true,
                        "bunch_selector": false,
                        "drained_weight": null,
                        "price_decreased": false,
                        "reference_price": "3.75",
                        "min_bunch_amount": 1.0,
                        "reference_format": "L",
                        "increment_bunch_amount": 1.0
                    }
                },
                {
                    "id": "11206",
                    "limit": 1000,
                    "badges": {
                        "is_water": false,
                        "requires_age_check": false
                    },
                    "packaging": "Paquet",
                    "thumbnail": "https://prod-mercadona.imgix.net/20190521/06/11206/vlc1/11206_00_02.jpg?fit=crop&h=206&w=206",
                    "display_name": "Xicoira expr√©s El √Årbol",
                    "bunch_selector": false,
                    "price_instructions": {
                        "iva": 10,
                        "is_new": false,
                        "is_pack": false,
                        "pack_size": null,
                        "unit_name": null,
                        "unit_size": 0.25,
                        "bulk_price": "4.60",
                        "unit_price": "1.15",
                        "approx_size": false,
                        "size_format": "kg",
                        "total_units": null,
                        "unit_selector": true,
                        "bunch_selector": false,
                        "drained_weight": null,
                        "price_decreased": false,
                        "reference_price": "4.60",
                        "min_bunch_amount": 1.0,
                        "reference_format": "kg",
                        "increment_bunch_amount": 1.0
                    }
                },
                {
                    "id": "11883",
                    "limit": 1000,
                    "badges": {
                        "is_water": false,
                        "requires_age_check": false
                    },
                    "packaging": "Pot",
                    "thumbnail": "https://prod-mercadona.imgix.net/20190521/83/11883/vlc1/11883_00_02.jpg?fit=crop&h=206&w=206",
                    "display_name": "Caf√® soluble descafe√Ønat selecci√≥ Hacendado",
                    "bunch_selector": false,
                    "price_instructions": {
                        "iva": 10,
                        "is_new": false,
                        "is_pack": false,
                        "pack_size": null,
                        "unit_name": null,
                        "unit_size": 0.1,
                        "bulk_price": "32.50",
                        "unit_price": "3.25",
                        "approx_size": false,
                        "size_format": "kg",
                        "total_units": null,
                        "unit_selector": true,
                        "bunch_selector": false,
                        "drained_weight": null,
                        "price_decreased": false,
                        "reference_price": "32.50",
                        "min_bunch_amount": 1.0,
                        "reference_format": "kg",
                        "increment_bunch_amount": 1.0
                    }
                },
                {
                    "id": "60515",
                    "limit": 1000,
                    "badges": {
                        "is_water": false,
                        "requires_age_check": false
                    },
                    "packaging": "Capsa",
                    "thumbnail": "https://prod-mercadona.imgix.net/20190521/15/60515/vlc1/60515_00_02.jpg?fit=crop&h=206&w=206",
                    "display_name": "Filtres de caf√® per a cafeteres mida 2 i 4 Bosque Verde",
                    "bunch_selector": false,
                    "price_instructions": {
                        "iva": 21,
                        "is_new": false,
                        "is_pack": false,
                        "pack_size": null,
                        "unit_name": "filtres",
                        "unit_size": 1.0,
                        "bulk_price": "0.01",
                        "unit_price": "0.79",
                        "approx_size": false,
                        "size_format": "ud",
                        "total_units": 100,
                        "unit_selector": true,
                        "bunch_selector": false,
                        "drained_weight": null,
                        "price_decreased": false,
                        "reference_price": "0.008",
                        "min_bunch_amount": 1.0,
                        "reference_format": "ud",
                        "increment_bunch_amount": 1.0
                    }
                },
                {
                    "id": "11136",
                    "limit": 1000,
                    "badges": {
                        "is_water": false,
                        "requires_age_check": false
                    },
                    "packaging": "Pot",
                    "thumbnail": "https://prod-mercadona.imgix.net/20190521/36/11136/vlc1/11136_00_02.jpg?fit=crop&h=206&w=206",
                    "display_name": "Caf√® soluble natural Nescaf√© cl√†ssic",
                    "bunch_selector": false,
                    "price_instructions": {
                        "iva": 10,
                        "is_new": false,
                        "is_pack": false,
                        "pack_size": null,
                        "unit_name": null,
                        "unit_size": 0.2,
                        "bulk_price": "26.25",
                        "unit_price": "5.25",
                        "approx_size": false,
                        "size_format": "kg",
                        "total_units": null,
                        "unit_selector": true,
                        "bunch_selector": false,
                        "drained_weight": null,
                        "price_decreased": false,
                        "reference_price": "26.25",
                        "min_bunch_amount": 1.0,
                        "reference_format": "kg",
                        "increment_bunch_amount": 1.0
                    }
                },
                {
                    "id": "11104",
                    "limit": 1000,
                    "badges": {
                        "is_water": false,
                        "requires_age_check": false
                    },
                    "packaging": "Pot",
                    "thumbnail": "https://prod-mercadona.imgix.net/20190521/04/11104/vlc1/11104_00_02.jpg?fit=crop&h=206&w=206",
                    "display_name": "Caf√® soluble descafe√Ønat Nescaf√© cl√†ssic",
                    "bunch_selector": false,
                    "price_instructions": {
                        "iva": 10,
                        "is_new": false,
                        "is_pack": false,
                        "pack_size": null,
                        "unit_name": null,
                        "unit_size": 0.1,
                        "bulk_price": "38.70",
                        "unit_price": "3.87",
                        "approx_size": false,
                        "size_format": "kg",
                        "total_units": null,
                        "unit_selector": true,
                        "bunch_selector": false,
                        "drained_weight": null,
                        "price_decreased": false,
                        "reference_price": "38.70",
                        "min_bunch_amount": 1.0,
                        "reference_format": "kg",
                        "increment_bunch_amount": 1.0
                    }
                },
                {
                    "id": "11123",
                    "limit": 1000,
                    "badges": {
                        "is_water": false,
                        "requires_age_check": false
                    },
                    "packaging": "Pot",
                    "thumbnail": "https://prod-mercadona.imgix.net/20190521/23/11123/vlc1/11123_00_02.jpg?fit=crop&h=206&w=206",
                    "display_name": "Caf√® soluble expr√©s crema Hacendado",
                    "bunch_selector": false,
                    "price_instructions": {
                        "iva": 10,
                        "is_new": false,
                        "is_pack": false,
                        "pack_size": null,
                        "unit_name": null,
                        "unit_size": 0.08,
                        "bulk_price": "18.75",
                        "unit_price": "1.50",
                        "approx_size": false,
                        "size_format": "kg",
                        "total_units": null,
                        "unit_selector": true,
                        "bunch_selector": false,
                        "drained_weight": null,
                        "price_decreased": false,
                        "reference_price": "18.75",
                        "min_bunch_amount": 1.0,
                        "reference_format": "kg",
                        "increment_bunch_amount": 1.0
                    }
                },
                {
                    "id": "11137",
                    "limit": 1000,
                    "badges": {
                        "is_water": false,
                        "requires_age_check": false
                    },
                    "packaging": "Pot",
                    "thumbnail": "https://prod-mercadona.imgix.net/20190521/37/11137/vlc1/11137_00_02.jpg?fit=crop&h=206&w=206",
                    "display_name": "Caf√® soluble caputxino Hacendado",
                    "bunch_selector": false,
                    "price_instructions": {
                        "iva": 10,
                        "is_new": false,
                        "is_pack": false,
                        "pack_size": null,
                        "unit_name": null,
                        "unit_size": 0.25,
                        "bulk_price": "7.96",
                        "unit_price": "1.99",
                        "approx_size": false,
                        "size_format": "kg",
                        "total_units": null,
                        "unit_selector": true,
                        "bunch_selector": false,
                        "drained_weight": null,
                        "price_decreased": false,
                        "reference_price": "7.96",
                        "min_bunch_amount": 1.0,
                        "reference_format": "kg",
                        "increment_bunch_amount": 1.0
                    }
                },
                {
                    "id": "11181",
                    "limit": 1000,
                    "badges": {
                        "is_water": false,
                        "requires_age_check": false
                    },
                    "packaging": "Pot",
                    "thumbnail": "https://prod-mercadona.imgix.net/20190521/81/11181/vlc1/11181_00_02.jpg?fit=crop&h=206&w=206",
                    "display_name": "Caf√® soluble caputxino Nescaf√©",
                    "bunch_selector": false,
                    "price_instructions": {
                        "iva": 10,
                        "is_new": false,
                        "is_pack": false,
                        "pack_size": null,
                        "unit_name": null,
                        "unit_size": 0.25,
                        "bulk_price": "14.12",
                        "unit_price": "3.53",
                        "approx_size": false,
                        "size_format": "kg",
                        "total_units": null,
                        "unit_selector": true,
                        "bunch_selector": false,
                        "drained_weight": null,
                        "price_decreased": false,
                        "reference_price": "14.12",
                        "min_bunch_amount": 1.0,
                        "reference_format": "kg",
                        "increment_bunch_amount": 1.0
                    }
                },
                {
                    "id": "11131",
                    "limit": 1000,
                    "badges": {
                        "is_water": false,
                        "requires_age_check": false
                    },
                    "packaging": "Pot",
                    "thumbnail": "https://prod-mercadona.imgix.net/20190521/31/11131/vlc1/11131_00_02.jpg?fit=crop&h=206&w=206",
                    "display_name": "Caf√® soluble caputxino caramel Hacendado",
                    "bunch_selector": false,
                    "price_instructions": {
                        "iva": 10,
                        "is_new": false,
                        "is_pack": false,
                        "pack_size": null,
                        "unit_name": null,
                        "unit_size": 0.25,
                        "bulk_price": "9.52",
                        "unit_price": "2.38",
                        "approx_size": false,
                        "size_format": "kg",
                        "total_units": null,
                        "unit_selector": true,
                        "bunch_selector": false,
                        "drained_weight": null,
                        "price_decreased": false,
                        "reference_price": "9.52",
                        "min_bunch_amount": 1.0,
                        "reference_format": "kg",
                        "increment_bunch_amount": 1.0
                    }
                },
                {
                    "id": "11111",
                    "limit": 1000,
                    "badges": {
                        "is_water": false,
                        "requires_age_check": false
                    },
                    "packaging": "Pot",
                    "thumbnail": "https://prod-mercadona.imgix.net/20190521/11/11111/vlc1/11111_00_02.jpg?fit=crop&h=206&w=206",
                    "display_name": "Caf√® soluble natural Nescaf√© cl√†ssic",
                    "bunch_selector": false,
                    "price_instructions": {
                        "iva": 10,
                        "is_new": false,
                        "is_pack": false,
                        "pack_size": null,
                        "unit_name": null,
                        "unit_size": 0.1,
                        "bulk_price": "34.10",
                        "unit_price": "3.41",
                        "approx_size": false,
                        "size_format": "kg",
                        "total_units": null,
                        "unit_selector": true,
                        "bunch_selector": false,
                        "drained_weight": null,
                        "price_decreased": false,
                        "reference_price": "34.10",
                        "min_bunch_amount": 1.0,
                        "reference_format": "kg",
                        "increment_bunch_amount": 1.0
                    }
                },
                {
                    "id": "11134",
                    "limit": 1000,
                    "badges": {
                        "is_water": false,
                        "requires_age_check": false
                    },
                    "packaging": "Pot",
                    "thumbnail": "https://prod-mercadona.imgix.net/20190521/34/11134/vlc1/11134_00_02.jpg?fit=crop&h=206&w=206",
                    "display_name": "Caf√® soluble caputxino vien√®s Hacendado",
                    "bunch_selector": false,
                    "price_instructions": {
                        "iva": 10,
                        "is_new": false,
                        "is_pack": false,
                        "pack_size": null,
                        "unit_name": null,
                        "unit_size": 0.3,
                        "bulk_price": "7.90",
                        "unit_price": "2.37",
                        "approx_size": false,
                        "size_format": "kg",
                        "total_units": null,
                        "unit_selector": true,
                        "bunch_selector": false,
                        "drained_weight": null,
                        "price_decreased": false,
                        "reference_price": "7.90",
                        "min_bunch_amount": 1.0,
                        "reference_format": "kg",
                        "increment_bunch_amount": 1.0
                    }
                },
                {
                    "id": "11115",
                    "limit": 1000,
                    "badges": {
                        "is_water": false,
                        "requires_age_check": false
                    },
                    "packaging": "Pot",
                    "thumbnail": "https://prod-mercadona.imgix.net/20190521/15/11115/vlc1/11115_00_02.jpg?fit=crop&h=206&w=206",
                    "display_name": "Caf√® soluble selecci√≥ Hacendado",
                    "bunch_selector": false,
                    "price_instructions": {
                        "iva": 10,
                        "is_new": false,
                        "is_pack": false,
                        "pack_size": null,
                        "unit_name": null,
                        "unit_size": 0.1,
                        "bulk_price": "29.90",
                        "unit_price": "2.99",
                        "approx_size": false,
                        "size_format": "kg",
                        "total_units": null,
                        "unit_selector": true,
                        "bunch_selector": false,
                        "drained_weight": null,
                        "price_decreased": false,
                        "reference_price": "29.90",
                        "min_bunch_amount": 1.0,
                        "reference_format": "kg",
                        "increment_bunch_amount": 1.0
                    }
                },
                {
                    "id": "11138",
                    "limit": 1000,
                    "badges": {
                        "is_water": false,
                        "requires_age_check": false
                    },
                    "packaging": "Pot",
                    "thumbnail": "https://prod-mercadona.imgix.net/20190521/38/11138/vlc1/11138_00_02.jpg?fit=crop&h=206&w=206",
                    "display_name": "Caf√® soluble caputxino descafe√Ønat Hacendado",
                    "bunch_selector": false,
                    "price_instructions": {
                        "iva": 10,
                        "is_new": false,
                        "is_pack": false,
                        "pack_size": null,
                        "unit_name": null,
                        "unit_size": 0.25,
                        "bulk_price": "9.48",
                        "unit_price": "2.37",
                        "approx_size": false,
                        "size_format": "kg",
                        "total_units": null,
                        "unit_selector": true,
                        "bunch_selector": false,
                        "drained_weight": null,
                        "price_decreased": false,
                        "reference_price": "9.48",
                        "min_bunch_amount": 1.0,
                        "reference_format": "kg",
                        "increment_bunch_amount": 1.0
                    }
                },
                {
                    "id": "11188",
                    "limit": 1000,
                    "badges": {
                        "is_water": false,
                        "requires_age_check": false
                    },
                    "packaging": "Pot",
                    "thumbnail": "https://prod-mercadona.imgix.net/20190521/88/11188/vlc1/11188_00_02.jpg?fit=crop&h=206&w=206",
                    "display_name": "Caf√® soluble moca Nescaf√©",
                    "bunch_selector": false,
                    "price_instructions": {
                        "iva": 10,
                        "is_new": false,
                        "is_pack": false,
                        "pack_size": null,
                        "unit_name": null,
                        "unit_size": 0.306,
                        "bulk_price": "11.54",
                        "unit_price": "3.53",
                        "approx_size": false,
                        "size_format": "kg",
                        "total_units": null,
                        "unit_selector": true,
                        "bunch_selector": false,
                        "drained_weight": null,
                        "price_decreased": false,
                        "reference_price": "11.54",
                        "min_bunch_amount": 1.0,
                        "reference_format": "kg",
                        "increment_bunch_amount": 1.0
                    }
                },
                {
                    "id": "11047",
                    "limit": 1000,
                    "badges": {
                        "is_water": false,
                        "requires_age_check": false
                    },
                    "packaging": "Pot",
                    "thumbnail": "https://prod-mercadona.imgix.net/20190521/47/11047/vlc1/11047_00_02.jpg?fit=crop&h=206&w=206",
                    "display_name": "Caf√® soluble suau Hacendado",
                    "bunch_selector": false,
                    "price_instructions": {
                        "iva": 10,
                        "is_new": false,
                        "is_pack": false,
                        "pack_size": null,
                        "unit_name": null,
                        "unit_size": 0.2,
                        "bulk_price": "9.50",
                        "unit_price": "1.90",
                        "approx_size": false,
                        "size_format": "kg",
                        "total_units": null,
                        "unit_selector": true,
                        "bunch_selector": false,
                        "drained_weight": null,
                        "price_decreased": false,
                        "reference_price": "9.50",
                        "min_bunch_amount": 1.0,
                        "reference_format": "kg",
                        "increment_bunch_amount": 1.0
                    }
                },
                {
                    "id": "11048",
                    "limit": 1000,
                    "badges": {
                        "is_water": false,
                        "requires_age_check": false
                    },
                    "packaging": "Pot",
                    "thumbnail": "https://prod-mercadona.imgix.net/20190521/48/11048/vlc1/11048_00_02.jpg?fit=crop&h=206&w=206",
                    "display_name": "Caf√® soluble suau Hacendado",
                    "bunch_selector": false,
                    "price_instructions": {
                        "iva": 10,
                        "is_new": false,
                        "is_pack": false,
                        "pack_size": null,
                        "unit_name": null,
                        "unit_size": 0.1,
                        "bulk_price": "14.20",
                        "unit_price": "1.42",
                        "approx_size": false,
                        "size_format": "kg",
                        "total_units": null,
                        "unit_selector": true,
                        "bunch_selector": false,
                        "drained_weight": null,
                        "price_decreased": false,
                        "reference_price": "14.20",
                        "min_bunch_amount": 1.0,
                        "reference_format": "kg",
                        "increment_bunch_amount": 1.0
                    }
                },
                {
                    "id": "11052",
                    "limit": 1000,
                    "badges": {
                        "is_water": false,
                        "requires_age_check": false
                    },
                    "packaging": "Capsa",
                    "thumbnail": "https://prod-mercadona.imgix.net/20190521/52/11052/vlc1/11052_00_02.jpg?fit=crop&h=206&w=206",
                    "display_name": "Caf√® soluble en sobres suau Hacendado",
                    "bunch_selector": false,
                    "price_instructions": {
                        "iva": 10,
                        "is_new": false,
                        "is_pack": false,
                        "pack_size": null,
                        "unit_name": "sobres",
                        "unit_size": 0.02,
                        "bulk_price": "39.50",
                        "unit_price": "0.79",
                        "approx_size": false,
                        "size_format": "kg",
                        "total_units": 10,
                        "unit_selector": true,
                        "bunch_selector": false,
                        "drained_weight": null,
                        "price_decreased": false,
                        "reference_price": "3.95",
                        "min_bunch_amount": 1.0,
                        "reference_format": "100 g",
                        "increment_bunch_amount": 1.0
                    }
                },
                {
                    "id": "11046",
                    "limit": 1000,
                    "badges": {
                        "is_water": false,
                        "requires_age_check": false
                    },
                    "packaging": "Pot",
                    "thumbnail": "https://prod-mercadona.imgix.net/20190521/46/11046/vlc1/11046_00_02.jpg?fit=crop&h=206&w=206",
                    "display_name": "Caf√® soluble descafe√Ønat Hacendado",
                    "bunch_selector": false,
                    "price_instructions": {
                        "iva": 10,
                        "is_new": false,
                        "is_pack": false,
                        "pack_size": null,
                        "unit_name": null,
                        "unit_size": 0.2,
                        "bulk_price": "12.45",
                        "unit_price": "2.49",
                        "approx_size": false,
                        "size_format": "kg",
                        "total_units": null,
                        "unit_selector": true,
                        "bunch_selector": false,
                        "drained_weight": null,
                        "price_decreased": false,
                        "reference_price": "12.45",
                        "min_bunch_amount": 1.0,
                        "reference_format": "kg",
                        "increment_bunch_amount": 1.0
                    }
                },
                {
                    "id": "11044",
                    "limit": 1000,
                    "badges": {
                        "is_water": false,
                        "requires_age_check": false
                    },
                    "packaging": "Pot",
                    "thumbnail": "https://prod-mercadona.imgix.net/20190521/44/11044/vlc1/11044_00_02.jpg?fit=crop&h=206&w=206",
                    "display_name": "Caf√® soluble descafe√Ønat Hacendado",
                    "bunch_selector": false,
                    "price_instructions": {
                        "iva": 10,
                        "is_new": false,
                        "is_pack": false,
                        "pack_size": null,
                        "unit_name": null,
                        "unit_size": 0.1,
                        "bulk_price": "15.50",
                        "unit_price": "1.55",
                        "approx_size": false,
                        "size_format": "kg",
                        "total_units": null,
                        "unit_selector": true,
                        "bunch_selector": false,
                        "drained_weight": null,
                        "price_decreased": false,
                        "reference_price": "15.50",
                        "min_bunch_amount": 1.0,
                        "reference_format": "kg",
                        "increment_bunch_amount": 1.0
                    }
                },
                {
                    "id": "11043",
                    "limit": 1000,
                    "badges": {
                        "is_water": false,
                        "requires_age_check": false
                    },
                    "packaging": "Pot",
                    "thumbnail": "https://prod-mercadona.imgix.net/20190521/43/11043/vlc1/11043_00_02.jpg?fit=crop&h=206&w=206",
                    "display_name": "Caf√® soluble cl√†ssic Hacendado",
                    "bunch_selector": false,
                    "price_instructions": {
                        "iva": 10,
                        "is_new": false,
                        "is_pack": false,
                        "pack_size": null,
                        "unit_name": null,
                        "unit_size": 0.1,
                        "bulk_price": "14.20",
                        "unit_price": "1.42",
                        "approx_size": false,
                        "size_format": "kg",
                        "total_units": null,
                        "unit_selector": true,
                        "bunch_selector": false,
                        "drained_weight": null,
                        "price_decreased": false,
                        "reference_price": "14.20",
                        "min_bunch_amount": 1.0,
                        "reference_format": "kg",
                        "increment_bunch_amount": 1.0
                    }
                },
                {
                    "id": "11049",
                    "limit": 1000,
                    "badges": {
                        "is_water": false,
                        "requires_age_check": false
                    },
                    "packaging": "Capsa",
                    "thumbnail": "https://prod-mercadona.imgix.net/20190521/49/11049/vlc1/11049_00_02.jpg?fit=crop&h=206&w=206",
                    "display_name": "Caf√® soluble cl√†ssic Hacendado en sobres",
                    "bunch_selector": false,
                    "price_instructions": {
                        "iva": 10,
                        "is_new": false,
                        "is_pack": false,
                        "pack_size": null,
                        "unit_name": "sobres",
                        "unit_size": 0.02,
                        "bulk_price": "39.50",
                        "unit_price": "0.79",
                        "approx_size": false,
                        "size_format": "kg",
                        "total_units": 10,
                        "unit_selector": true,
                        "bunch_selector": false,
                        "drained_weight": null,
                        "price_decreased": false,
                        "reference_price": "3.95",
                        "min_bunch_amount": 1.0,
                        "reference_format": "100 g",
                        "increment_bunch_amount": 1.0
                    }
                },
                {
                    "id": "10616",
                    "limit": 1000,
                    "badges": {
                        "is_water": false,
                        "requires_age_check": false
                    },
                    "packaging": "Got",
                    "thumbnail": "https://prod-mercadona.imgix.net/20190521/16/10616/vlc1/10616_00_02.jpg?fit=crop&h=206&w=206",
                    "display_name": "Caf√® amb llet expr√©s Hacendado",
                    "bunch_selector": false,
                    "price_instructions": {
                        "iva": 10,
                        "is_new": false,
                        "is_pack": false,
                        "pack_size": null,
                        "unit_name": null,
                        "unit_size": 0.25,
                        "bulk_price": "3.00",
                        "unit_price": "0.75",
                        "approx_size": false,
                        "size_format": "l",
                        "total_units": null,
                        "unit_selector": true,
                        "bunch_selector": false,
                        "drained_weight": null,
                        "price_decreased": false,
                        "reference_price": "3.00",
                        "min_bunch_amount": 1.0,
                        "reference_format": "L",
                        "increment_bunch_amount": 1.0
                    }
                },
                {
                    "id": "10642",
                    "limit": 1000,
                    "badges": {
                        "is_water": false,
                        "requires_age_check": false
                    },
                    "packaging": "Got",
                    "thumbnail": "https://prod-mercadona.imgix.net/20190521/42/10642/vlc1/10642_00_02.jpg?fit=crop&h=206&w=206",
                    "display_name": "Caf√® amb llet light sense lactosa Hacendado",
                    "bunch_selector": false,
                    "price_instructions": {
                        "iva": 10,
                        "is_new": false,
                        "is_pack": false,
                        "pack_size": null,
                        "unit_name": null,
                        "unit_size": 0.25,
                        "bulk_price": "3.40",
                        "unit_price": "0.85",
                        "approx_size": false,
                        "size_format": "l",
                        "total_units": null,
                        "unit_selector": true,
                        "bunch_selector": false,
                        "drained_weight": null,
                        "price_decreased": false,
                        "reference_price": "3.40",
                        "min_bunch_amount": 1.0,
                        "reference_format": "L",
                        "increment_bunch_amount": 1.0
                    }
                },
                {
                    "id": "11101",
                    "limit": 1000,
                    "badges": {
                        "is_water": false,
                        "requires_age_check": false
                    },
                    "packaging": "Pot",
                    "thumbnail": "https://prod-mercadona.imgix.net/20190521/01/11101/vlc1/11101_00_02.jpg?fit=crop&h=206&w=206",
                    "display_name": "Caf√® soluble descafe√Ønat Nescaf√© cl√†ssic",
                    "bunch_selector": false,
                    "price_instructions": {
                        "iva": 10,
                        "is_new": false,
                        "is_pack": false,
                        "pack_size": null,
                        "unit_name": null,
                        "unit_size": 0.2,
                        "bulk_price": "29.75",
                        "unit_price": "5.95",
                        "approx_size": false,
                        "size_format": "kg",
                        "total_units": null,
                        "unit_selector": true,
                        "bunch_selector": false,
                        "drained_weight": null,
                        "price_decreased": false,
                        "reference_price": "29.75",
                        "min_bunch_amount": 1.0,
                        "reference_format": "kg",
                        "increment_bunch_amount": 1.0
                    }
                },
                {
                    "id": "11045",
                    "limit": 1000,
                    "badges": {
                        "is_water": false,
                        "requires_age_check": false
                    },
                    "packaging": "Pot",
                    "thumbnail": "https://prod-mercadona.imgix.net/20190521/45/11045/vlc1/11045_00_02.jpg?fit=crop&h=206&w=206",
                    "display_name": "Caf√® soluble cl√†ssic Hacendado",
                    "bunch_selector": false,
                    "price_instructions": {
                        "iva": 10,
                        "is_new": false,
                        "is_pack": false,
                        "pack_size": null,
                        "unit_name": null,
                        "unit_size": 0.2,
                        "bulk_price": "9.50",
                        "unit_price": "1.90",
                        "approx_size": false,
                        "size_format": "kg",
                        "total_units": null,
                        "unit_selector": true,
                        "bunch_selector": false,
                        "drained_weight": null,
                        "price_decreased": false,
                        "reference_price": "9.50",
                        "min_bunch_amount": 1.0,
                        "reference_format": "kg",
                        "increment_bunch_amount": 1.0
                    }
                },
                {
                    "id": "11051",
                    "limit": 1000,
                    "badges": {
                        "is_water": false,
                        "requires_age_check": false
                    },
                    "packaging": "Capsa",
                    "thumbnail": "https://prod-mercadona.imgix.net/20190521/51/11051/vlc1/11051_00_02.jpg?fit=crop&h=206&w=206",
                    "display_name": "Caf√® soluble en sobres descafe√Ønat Hacendado",
                    "bunch_selector": false,
                    "price_instructions": {
                        "iva": 10,
                        "is_new": false,
                        "is_pack": false,
                        "pack_size": null,
                        "unit_name": "sobres",
                        "unit_size": 0.02,
                        "bulk_price": "42.00",
                        "unit_price": "0.84",
                        "approx_size": false,
                        "size_format": "kg",
                        "total_units": 10,
                        "unit_selector": true,
                        "bunch_selector": false,
                        "drained_weight": null,
                        "price_decreased": false,
                        "reference_price": "4.20",
                        "min_bunch_amount": 1.0,
                        "reference_format": "100 g",
                        "increment_bunch_amount": 1.0
                    }
                },
                {
                    "id": "10628",
                    "limit": 1000,
                    "badges": {
                        "is_water": false,
                        "requires_age_check": false
                    },
                    "packaging": "Got",
                    "thumbnail": "https://prod-mercadona.imgix.net/20190521/28/10628/vlc1/10628_00_02.jpg?fit=crop&h=206&w=206",
                    "display_name": "Caf√® amb llet caputxino Hacendado",
                    "bunch_selector": false,
                    "price_instructions": {
                        "iva": 10,
                        "is_new": false,
                        "is_pack": false,
                        "pack_size": null,
                        "unit_name": null,
                        "unit_size": 0.25,
                        "bulk_price": "3.00",
                        "unit_price": "0.75",
                        "approx_size": false,
                        "size_format": "l",
                        "total_units": null,
                        "unit_selector": true,
                        "bunch_selector": false,
                        "drained_weight": null,
                        "price_decreased": false,
                        "reference_price": "3.00",
                        "min_bunch_amount": 1.0,
                        "reference_format": "L",
                        "increment_bunch_amount": 1.0
                    }
                },
                {
                    "id": "10631",
                    "limit": 1000,
                    "badges": {
                        "is_water": false,
                        "requires_age_check": false
                    },
                    "packaging": "Got",
                    "thumbnail": "https://prod-mercadona.imgix.net/20190521/31/10631/vlc1/10631_00_02.jpg?fit=crop&h=206&w=206",
                    "display_name": "Caf√® amb llet descafe√Ønat Hacendado",
                    "bunch_selector": false,
                    "price_instructions": {
                        "iva": 10,
                        "is_new": false,
                        "is_pack": false,
                        "pack_size": null,
                        "unit_name": null,
                        "unit_size": 0.25,
                        "bulk_price": "3.00",
                        "unit_price": "0.75",
                        "approx_size": false,
                        "size_format": "l",
                        "total_units": null,
                        "unit_selector": true,
                        "bunch_selector": false,
                        "drained_weight": null,
                        "price_decreased": false,
                        "reference_price": "3.00",
                        "min_bunch_amount": 1.0,
                        "reference_format": "L",
                        "increment_bunch_amount": 1.0
                    }
                },
                {
                    "id": "10643",
                    "limit": 1000,
                    "badges": {
                        "is_water": false,
                        "requires_age_check": false
                    },
                    "packaging": "Got",
                    "thumbnail": "https://prod-mercadona.imgix.net/20190521/43/10643/vlc1/10643_00_01.jpg?fit=crop&h=206&w=206",
                    "display_name": "Beguda de cacau",
                    "bunch_selector": false,
                    "price_instructions": {
                        "iva": 10,
                        "is_new": false,
                        "is_pack": false,
                        "pack_size": null,
                        "unit_name": null,
                        "unit_size": 0.23,
                        "bulk_price": "3.26",
                        "unit_price": "0.75",
                        "approx_size": false,
                        "size_format": "l",
                        "total_units": null,
                        "unit_selector": true,
                        "bunch_selector": false,
                        "drained_weight": null,
                        "price_decreased": false,
                        "reference_price": "3.26",
                        "min_bunch_amount": 1.0,
                        "reference_format": "L",
                        "increment_bunch_amount": 1.0
                    }
                }
            ],
            "is_extended": false
        },
        {
            "id": 88,
            "name": "Te i infusions",
            "layout": 1,
            "products": [
                {
                    "id": "11306",
                    "limit": 1000,
                    "badges": {
                        "is_water": false,
                        "requires_age_check": false
                    },
                    "packaging": "Capsa",
                    "thumbnail": "https://prod-mercadona.imgix.net/20190521/06/11306/vlc1/11306_00_02.jpg?fit=crop&h=206&w=206",
                    "display_name": "Te verd amb soja gust mango Hacendado",
                    "bunch_selector": false,
                    "price_instructions": {
                        "iva": 10,
                        "is_new": false,
                        "is_pack": false,
                        "pack_size": null,
                        "unit_name": "bossetes",
                        "unit_size": 0.04,
                        "bulk_price": "30.00",
                        "unit_price": "1.20",
                        "approx_size": false,
                        "size_format": "kg",
                        "total_units": 20,
                        "unit_selector": true,
                        "bunch_selector": false,
                        "drained_weight": null,
                        "price_decreased": false,
                        "reference_price": "3.00",
                        "min_bunch_amount": 1.0,
                        "reference_format": "100 g",
                        "increment_bunch_amount": 1.0
                    }
                },
                {
                    "id": "11305",
                    "limit": 1000,
                    "badges": {
                        "is_water": false,
                        "requires_age_check": false
                    },
                    "packaging": "Capsa",
                    "thumbnail": "https://prod-mercadona.imgix.net/20190521/05/11305/vlc1/11305_00_02.jpg?fit=crop&h=206&w=206",
                    "display_name": "Te earl grey Hacendado",
                    "bunch_selector": false,
                    "price_instructions": {
                        "iva": 10,
                        "is_new": false,
                        "is_pack": false,
                        "pack_size": null,
                        "unit_name": "bossetes",
                        "unit_size": 0.035,
                        "bulk_price": "27.14",
                        "unit_price": "0.95",
                        "approx_size": false,
                        "size_format": "kg",
                        "total_units": 20,
                        "unit_selector": true,
                        "bunch_selector": false,
                        "drained_weight": null,
                        "price_decreased": false,
                        "reference_price": "2.71",
                        "min_bunch_amount": 1.0,
                        "reference_format": "100 g",
                        "increment_bunch_amount": 1.0
                    }
                },
                {
                    "id": "11318",
                    "limit": 1000,
                    "badges": {
                        "is_water": false,
                        "requires_age_check": false
                    },
                    "packaging": "Capsa",
                    "thumbnail": "https://prod-mercadona.imgix.net/20190521/18/11318/vlc1/11318_00_02.jpg?fit=crop&h=206&w=206",
                    "display_name": "Te vainilla caramel Hacendado",
                    "bunch_selector": false,
                    "price_instructions": {
                        "iva": 10,
                        "is_new": false,
                        "is_pack": false,
                        "pack_size": null,
                        "unit_name": "bossetes",
                        "unit_size": 0.034,
                        "bulk_price": "38.24",
                        "unit_price": "1.30",
                        "approx_size": false,
                        "size_format": "kg",
                        "total_units": 20,
                        "unit_selector": true,
                        "bunch_selector": false,
                        "drained_weight": null,
                        "price_decreased": false,
                        "reference_price": "3.82",
                        "min_bunch_amount": 1.0,
                        "reference_format": "100 g",
                        "increment_bunch_amount": 1.0
                    }
                },
                {
                    "id": "11313",
                    "limit": 1000,
                    "badges": {
                        "is_water": false,
                        "requires_age_check": false
                    },
                    "packaging": "Capsa",
                    "thumbnail": "https://prod-mercadona.imgix.net/20190521/13/11313/vlc1/11313_00_02.jpg?fit=crop&h=206&w=206",
                    "display_name": "Multinfusi√≥ duerme bien Pompadour",
                    "bunch_selector": false,
                    "price_instructions": {
                        "iva": 10,
                        "is_new": false,
                        "is_pack": false,
                        "pack_size": null,
                        "unit_name": "bossetes",
                        "unit_size": 0.044,
                        "bulk_price": "38.64",
                        "unit_price": "1.70",
                        "approx_size": false,
                        "size_format": "kg",
                        "total_units": 20,
                        "unit_selector": true,
                        "bunch_selector": false,
                        "drained_weight": null,
                        "price_decreased": false,
                        "reference_price": "3.86",
                        "min_bunch_amount": 1.0,
                        "reference_format": "100 g",
                        "increment_bunch_amount": 1.0
                    }
                },
                {
                    "id": "11316",
                    "limit": 1000,
                    "badges": {
                        "is_water": false,
                        "requires_age_check": false
                    },
                    "packaging": "Capsa",
                    "thumbnail": "https://prod-mercadona.imgix.net/20190521/16/11316/vlc1/11316_00_02.jpg?fit=crop&h=206&w=206",
                    "display_name": "Multinfusi√≥ digestive Pompadour",
                    "bunch_selector": false,
                    "price_instructions": {
                        "iva": 10,
                        "is_new": false,
                        "is_pack": false,
                        "pack_size": null,
                        "unit_name": "bossetes",
                        "unit_size": 0.044,
                        "bulk_price": "38.64",
                        "unit_price": "1.70",
                        "approx_size": false,
                        "size_format": "kg",
                        "total_units": 20,
                        "unit_selector": true,
                        "bunch_selector": false,
                        "drained_weight": null,
                        "price_decreased": false,
                        "reference_price": "3.86",
                        "min_bunch_amount": 1.0,
                        "reference_format": "100 g",
                        "increment_bunch_amount": 1.0
                    }
                },
                {
                    "id": "11310",
                    "limit": 1000,
                    "badges": {
                        "is_water": false,
                        "requires_age_check": false
                    },
                    "packaging": "Capsa",
                    "thumbnail": "https://prod-mercadona.imgix.net/20190521/10/11310/vlc1/11310_00_02.jpg?fit=crop&h=206&w=206",
                    "display_name": "Infusi√≥ freda fruites del bosc Hacendado",
                    "bunch_selector": false,
                    "price_instructions": {
                        "iva": 10,
                        "is_new": false,
                        "is_pack": false,
                        "pack_size": null,
                        "unit_name": "bossetes",
                        "unit_size": 0.04,
                        "bulk_price": "32.50",
                        "unit_price": "1.30",
                        "approx_size": false,
                        "size_format": "kg",
                        "total_units": 20,
                        "unit_selector": true,
                        "bunch_selector": false,
                        "drained_weight": null,
                        "price_decreased": false,
                        "reference_price": "3.25",
                        "min_bunch_amount": 1.0,
                        "reference_format": "100 g",
                        "increment_bunch_amount": 1.0
                    }
                },
                {
                    "id": "11303",
                    "limit": 1000,
                    "badges": {
                        "is_water": false,
                        "requires_age_check": false
                    },
                    "packaging": "Capsa",
                    "thumbnail": "https://prod-mercadona.imgix.net/20190521/03/11303/vlc1/11303_00_02.jpg?fit=crop&h=206&w=206",
                    "display_name": "Infusi√≥ s√†lvia Hacendado",
                    "bunch_selector": false,
                    "price_instructions": {
                        "iva": 10,
                        "is_new": false,
                        "is_pack": false,
                        "pack_size": null,
                        "unit_name": "bossetes",
                        "unit_size": 0.022,
                        "bulk_price": "50.00",
                        "unit_price": "1.10",
                        "approx_size": false,
                        "size_format": "kg",
                        "total_units": 20,
                        "unit_selector": true,
                        "bunch_selector": false,
                        "drained_weight": null,
                        "price_decreased": false,
                        "reference_price": "5.00",
                        "min_bunch_amount": 1.0,
                        "reference_format": "100 g",
                        "increment_bunch_amount": 1.0
                    }
                },
                {
                    "id": "11302",
                    "limit": 1000,
                    "badges": {
                        "is_water": false,
                        "requires_age_check": false
                    },
                    "packaging": "Capsa",
                    "thumbnail": "https://prod-mercadona.imgix.net/20190521/02/11302/vlc1/11302_00_02.jpg?fit=crop&h=206&w=206",
                    "display_name": "Infusi√≥ farigola Hacendado",
                    "bunch_selector": false,
                    "price_instructions": {
                        "iva": 10,
                        "is_new": false,
                        "is_pack": false,
                        "pack_size": null,
                        "unit_name": "bossetes",
                        "unit_size": 0.024,
                        "bulk_price": "39.58",
                        "unit_price": "0.95",
                        "approx_size": false,
                        "size_format": "kg",
                        "total_units": 20,
                        "unit_selector": true,
                        "bunch_selector": false,
                        "drained_weight": null,
                        "price_decreased": false,
                        "reference_price": "3.96",
                        "min_bunch_amount": 1.0,
                        "reference_format": "100 g",
                        "increment_bunch_amount": 1.0
                    }
                },
                {
                    "id": "11338",
                    "limit": 1000,
                    "badges": {
                        "is_water": false,
                        "requires_age_check": false
                    },
                    "packaging": "Capsa",
                    "thumbnail": "https://prod-mercadona.imgix.net/20190521/38/11338/vlc1/11338_00_02.jpg?fit=crop&h=206&w=206",
                    "display_name": "Te amb canyella Hacendado",
                    "bunch_selector": false,
                    "price_instructions": {
                        "iva": 10,
                        "is_new": false,
                        "is_pack": false,
                        "pack_size": null,
                        "unit_name": "bossetes",
                        "unit_size": 0.035,
                        "bulk_price": "28.29",
                        "unit_price": "0.99",
                        "approx_size": false,
                        "size_format": "kg",
                        "total_units": 20,
                        "unit_selector": true,
                        "bunch_selector": false,
                        "drained_weight": null,
                        "price_decreased": false,
                        "reference_price": "2.83",
                        "min_bunch_amount": 1.0,
                        "reference_format": "100 g",
                        "increment_bunch_amount": 1.0
                    }
                },
                {
                    "id": "11331",
                    "limit": 1000,
                    "badges": {
                        "is_water": false,
                        "requires_age_check": false
                    },
                    "packaging": "Capsa",
                    "thumbnail": "https://prod-mercadona.imgix.net/20190521/31/11331/vlc1/11331_00_02.jpg?fit=crop&h=206&w=206",
                    "display_name": "Te descafe√Ønat deste√Ønat Hacendado",
                    "bunch_selector": false,
                    "price_instructions": {
                        "iva": 10,
                        "is_new": false,
                        "is_pack": false,
                        "pack_size": null,
                        "unit_name": "bossetes",
                        "unit_size": 0.04375,
                        "bulk_price": "27.43",
                        "unit_price": "1.20",
                        "approx_size": false,
                        "size_format": "kg",
                        "total_units": 25,
                        "unit_selector": true,
                        "bunch_selector": false,
                        "drained_weight": null,
                        "price_decreased": false,
                        "reference_price": "2.74",
                        "min_bunch_amount": 1.0,
                        "reference_format": "100 g",
                        "increment_bunch_amount": 1.0
                    }
                },
                {
                    "id": "11320",
                    "limit": 1000,
                    "badges": {
                        "is_water": false,
                        "requires_age_check": false
                    },
                    "packaging": "Capsa",
                    "thumbnail": "https://prod-mercadona.imgix.net/20190521/20/11320/vlc1/11320_00_02.jpg?fit=crop&h=206&w=206",
                    "display_name": "Infusi√≥ freda te verd Hacendado amb cua de cavall gust pinya colada",
                    "bunch_selector": false,
                    "price_instructions": {
                        "iva": 10,
                        "is_new": false,
                        "is_pack": false,
                        "pack_size": null,
                        "unit_name": "bossetes",
                        "unit_size": 0.04,
                        "bulk_price": "32.50",
                        "unit_price": "1.30",
                        "approx_size": false,
                        "size_format": "kg",
                        "total_units": 20,
                        "unit_selector": true,
                        "bunch_selector": false,
                        "drained_weight": null,
                        "price_decreased": false,
                        "reference_price": "3.25",
                        "min_bunch_amount": 1.0,
                        "reference_format": "100 g",
                        "increment_bunch_amount": 1.0
                    }
                },
                {
                    "id": "11366",
                    "limit": 1000,
                    "badges": {
                        "is_water": false,
                        "requires_age_check": false
                    },
                    "packaging": "Capsa",
                    "thumbnail": "https://prod-mercadona.imgix.net/20190521/66/11366/vlc1/11366_00_02.jpg?fit=crop&h=206&w=206",
                    "display_name": "Te verd amb llimona Hacendado",
                    "bunch_selector": false,
                    "price_instructions": {
                        "iva": 10,
                        "is_new": false,
                        "is_pack": false,
                        "pack_size": null,
                        "unit_name": "bossetes",
                        "unit_size": 0.04,
                        "bulk_price": "30.00",
                        "unit_price": "1.20",
                        "approx_size": false,
                        "size_format": "kg",
                        "total_units": 20,
                        "unit_selector": true,
                        "bunch_selector": false,
                        "drained_weight": null,
                        "price_decreased": false,
                        "reference_price": "3.00",
                        "min_bunch_amount": 1.0,
                        "reference_format": "100 g",
                        "increment_bunch_amount": 1.0
                    }
                },
                {
                    "id": "11345",
                    "limit": 1000,
                    "badges": {
                        "is_water": false,
                        "requires_age_check": false
                    },
                    "packaging": "Capsa",
                    "thumbnail": "https://prod-mercadona.imgix.net/20190521/45/11345/vlc1/11345_00_02.jpg?fit=crop&h=206&w=206",
                    "display_name": "Te Hacendado",
                    "bunch_selector": false,
                    "price_instructions": {
                        "iva": 10,
                        "is_new": false,
                        "is_pack": false,
                        "pack_size": null,
                        "unit_name": "bossetes",
                        "unit_size": 0.04375,
                        "bulk_price": "11.20",
                        "unit_price": "0.49",
                        "approx_size": false,
                        "size_format": "kg",
                        "total_units": 25,
                        "unit_selector": true,
                        "bunch_selector": false,
                        "drained_weight": null,
                        "price_decreased": false,
                        "reference_price": "1.12",
                        "min_bunch_amount": 1.0,
                        "reference_format": "100 g",
                        "increment_bunch_amount": 1.0
                    }
                },
                {
                    "id": "11375",
                    "limit": 1000,
                    "badges": {
                        "is_water": false,
                        "requires_age_check": false
                    },
                    "packaging": "Capsa",
                    "thumbnail": "https://prod-mercadona.imgix.net/20190521/75/11375/vlc1/11375_00_02.jpg?fit=crop&h=206&w=206",
                    "display_name": "Te breakfast Hacendado",
                    "bunch_selector": false,
                    "price_instructions": {
                        "iva": 10,
                        "is_new": false,
                        "is_pack": false,
                        "pack_size": null,
                        "unit_name": "bossetes",
                        "unit_size": 0.04375,
                        "bulk_price": "13.71",
                        "unit_price": "0.60",
                        "approx_size": false,
                        "size_format": "kg",
                        "total_units": 25,
                        "unit_selector": true,
                        "bunch_selector": false,
                        "drained_weight": null,
                        "price_decreased": false,
                        "reference_price": "1.37",
                        "min_bunch_amount": 1.0,
                        "reference_format": "100 g",
                        "increment_bunch_amount": 1.0
                    }
                },
                {
                    "id": "11327",
                    "limit": 1000,
                    "badges": {
                        "is_water": false,
                        "requires_age_check": false
                    },
                    "packaging": "Capsa",
                    "thumbnail": "https://prod-mercadona.imgix.net/20190521/27/11327/vlc1/11327_00_02.jpg?fit=crop&h=206&w=206",
                    "display_name": "Te negre PG tips",
                    "bunch_selector": false,
                    "price_instructions": {
                        "iva": 10,
                        "is_new": false,
                        "is_pack": false,
                        "pack_size": null,
                        "unit_name": "bossetes",
                        "unit_size": 0.116,
                        "bulk_price": "15.26",
                        "unit_price": "1.77",
                        "approx_size": false,
                        "size_format": "kg",
                        "total_units": 40,
                        "unit_selector": true,
                        "bunch_selector": false,
                        "drained_weight": null,
                        "price_decreased": false,
                        "reference_price": "15.26",
                        "min_bunch_amount": 1.0,
                        "reference_format": "kg",
                        "increment_bunch_amount": 1.0
                    }
                },
                {
                    "id": "11392",
                    "limit": 1000,
                    "badges": {
                        "is_water": false,
                        "requires_age_check": false
                    },
                    "packaging": "Capsa",
                    "thumbnail": "https://prod-mercadona.imgix.net/20190521/92/11392/vlc1/11392_00_02.jpg?fit=crop&h=206&w=206",
                    "display_name": "Te matxa en pols Hacendado",
                    "bunch_selector": false,
                    "price_instructions": {
                        "iva": 10,
                        "is_new": false,
                        "is_pack": false,
                        "pack_size": null,
                        "unit_name": "sobres",
                        "unit_size": 0.015,
                        "bulk_price": "183.33",
                        "unit_price": "2.75",
                        "approx_size": false,
                        "size_format": "kg",
                        "total_units": 10,
                        "unit_selector": true,
                        "bunch_selector": false,
                        "drained_weight": null,
                        "price_decreased": false,
                        "reference_price": "18.33",
                        "min_bunch_amount": 1.0,
                        "reference_format": "100 g",
                        "increment_bunch_amount": 1.0
                    }
                },
                {
                    "id": "11368",
                    "limit": 1000,
                    "badges": {
                        "is_water": false,
                        "requires_age_check": false
                    },
                    "packaging": "Capsa",
                    "thumbnail": "https://prod-mercadona.imgix.net/20190521/68/11368/vlc1/11368_00_02.jpg?fit=crop&h=206&w=206",
                    "display_name": "Infusi√≥ cua de cavall Hacendado",
                    "bunch_selector": false,
                    "price_instructions": {
                        "iva": 10,
                        "is_new": false,
                        "is_pack": false,
                        "pack_size": null,
                        "unit_name": "bossetes",
                        "unit_size": 0.03,
                        "bulk_price": "40.00",
                        "unit_price": "1.20",
                        "approx_size": false,
                        "size_format": "kg",
                        "total_units": 20,
                        "unit_selector": true,
                        "bunch_selector": false,
                        "drained_weight": null,
                        "price_decreased": false,
                        "reference_price": "4.00",
                        "min_bunch_amount": 1.0,
                        "reference_format": "100 g",
                        "increment_bunch_amount": 1.0
                    }
                },
                {
                    "id": "11335",
                    "limit": 1000,
                    "badges": {
                        "is_water": false,
                        "requires_age_check": false
                    },
                    "packaging": "Capsa",
                    "thumbnail": "https://prod-mercadona.imgix.net/20190521/35/11335/vlc1/11335_00_02.jpg?fit=crop&h=206&w=206",
                    "display_name": "Infusi√≥ Sen gust menta Hacendado",
                    "bunch_selector": false,
                    "price_instructions": {
                        "iva": 10,
                        "is_new": false,
                        "is_pack": false,
                        "pack_size": null,
                        "unit_name": "bossetes",
                        "unit_size": 0.026,
                        "bulk_price": "50.00",
                        "unit_price": "1.30",
                        "approx_size": false,
                        "size_format": "kg",
                        "total_units": 20,
                        "unit_selector": true,
                        "bunch_selector": false,
                        "drained_weight": null,
                        "price_decreased": false,
                        "reference_price": "5.00",
                        "min_bunch_amount": 1.0,
                        "reference_format": "100 g",
                        "increment_bunch_amount": 1.0
                    }
                },
                {
                    "id": "11352",
                    "limit": 1000,
                    "badges": {
                        "is_water": false,
                        "requires_age_check": false
                    },
                    "packaging": "Capsa",
                    "thumbnail": "https://prod-mercadona.imgix.net/20190521/52/11352/vlc1/11352_00_02.jpg?fit=crop&h=206&w=206",
                    "display_name": "Infusi√≥ figura Hacendado",
                    "bunch_selector": false,
                    "price_instructions": {
                        "iva": 10,
                        "is_new": false,
                        "is_pack": false,
                        "pack_size": null,
                        "unit_name": "bossetes",
                        "unit_size": 0.03,
                        "bulk_price": "33.33",
                        "unit_price": "1.00",
                        "approx_size": false,
                        "size_format": "kg",
                        "total_units": 20,
                        "unit_selector": true,
                        "bunch_selector": false,
                        "drained_weight": null,
                        "price_decreased": false,
                        "reference_price": "3.33",
                        "min_bunch_amount": 1.0,
                        "reference_format": "100 g",
                        "increment_bunch_amount": 1.0
                    }
                },
                {
                    "id": "11347",
                    "limit": 1000,
                    "badges": {
                        "is_water": false,
                        "requires_age_check": false
                    },
                    "packaging": "Capsa",
                    "thumbnail": "https://prod-mercadona.imgix.net/20190521/47/11347/vlc1/11347_00_02.jpg?fit=crop&h=206&w=206",
                    "display_name": "Multinfusi√≥ quema-grasa Pompadour",
                    "bunch_selector": false,
                    "price_instructions": {
                        "iva": 10,
                        "is_new": false,
                        "is_pack": false,
                        "pack_size": null,
                        "unit_name": "bossetes",
                        "unit_size": 0.055,
                        "bulk_price": "37.27",
                        "unit_price": "2.05",
                        "approx_size": false,
                        "size_format": "kg",
                        "total_units": 25,
                        "unit_selector": true,
                        "bunch_selector": false,
                        "drained_weight": null,
                        "price_decreased": false,
                        "reference_price": "37.27",
                        "min_bunch_amount": 1.0,
                        "reference_format": "kg",
                        "increment_bunch_amount": 1.0
                    }
                },
                {
                    "id": "11350",
                    "limit": 1000,
                    "badges": {
                        "is_water": false,
                        "requires_age_check": false
                    },
                    "packaging": "Capsa",
                    "thumbnail": "https://prod-mercadona.imgix.net/20190521/50/11350/vlc1/11350_00_02.jpg?fit=crop&h=206&w=206",
                    "display_name": "Infusi√≥ dormir Hacendado",
                    "bunch_selector": false,
                    "price_instructions": {
                        "iva": 10,
                        "is_new": false,
                        "is_pack": false,
                        "pack_size": null,
                        "unit_name": "bossetes",
                        "unit_size": 0.03,
                        "bulk_price": "33.33",
                        "unit_price": "1.00",
                        "approx_size": false,
                        "size_format": "kg",
                        "total_units": 20,
                        "unit_selector": true,
                        "bunch_selector": false,
                        "drained_weight": null,
                        "price_decreased": false,
                        "reference_price": "3.33",
                        "min_bunch_amount": 1.0,
                        "reference_format": "100 g",
                        "increment_bunch_amount": 1.0
                    }
                },
                {
                    "id": "11351",
                    "limit": 1000,
                    "badges": {
                        "is_water": false,
                        "requires_age_check": false
                    },
                    "packaging": "Capsa",
                    "thumbnail": "https://prod-mercadona.imgix.net/20190521/51/11351/vlc1/11351_00_02.jpg?fit=crop&h=206&w=206",
                    "display_name": "Infusi√≥ digest Hacendado",
                    "bunch_selector": false,
                    "price_instructions": {
                        "iva": 10,
                        "is_new": false,
                        "is_pack": false,
                        "pack_size": null,
                        "unit_name": "bossetes",
                        "unit_size": 0.03,
                        "bulk_price": "33.33",
                        "unit_price": "1.00",
                        "approx_size": false,
                        "size_format": "kg",
                        "total_units": 20,
                        "unit_selector": true,
                        "bunch_selector": false,
                        "drained_weight": null,
                        "price_decreased": false,
                        "reference_price": "3.33",
                        "min_bunch_amount": 1.0,
                        "reference_format": "100 g",
                        "increment_bunch_amount": 1.0
                    }
                },
                {
                    "id": "11907",
                    "limit": 1000,
                    "badges": {
                        "is_water": false,
                        "requires_age_check": false
                    },
                    "packaging": "Capsa",
                    "thumbnail": "https://prod-mercadona.imgix.net/20190521/07/11907/vlc1/11907_00_02.jpg?fit=crop&h=206&w=206",
                    "display_name": "Infusi√≥ respir Hacendado",
                    "bunch_selector": false,
                    "price_instructions": {
                        "iva": 10,
                        "is_new": false,
                        "is_pack": false,
                        "pack_size": null,
                        "unit_name": "bossetes",
                        "unit_size": 0.03,
                        "bulk_price": "29.67",
                        "unit_price": "0.89",
                        "approx_size": false,
                        "size_format": "kg",
                        "total_units": 20,
                        "unit_selector": true,
                        "bunch_selector": false,
                        "drained_weight": null,
                        "price_decreased": false,
                        "reference_price": "2.97",
                        "min_bunch_amount": 1.0,
                        "reference_format": "100 g",
                        "increment_bunch_amount": 1.0
                    }
                },
                {
                    "id": "11370",
                    "limit": 1000,
                    "badges": {
                        "is_water": false,
                        "requires_age_check": false
                    },
                    "packaging": "Capsa",
                    "thumbnail": "https://prod-mercadona.imgix.net/20190521/70/11370/vlc1/11370_00_02.jpg?fit=crop&h=206&w=206",
                    "display_name": "Infusi√≥ valeriana Hacendado",
                    "bunch_selector": false,
                    "price_instructions": {
                        "iva": 10,
                        "is_new": false,
                        "is_pack": false,
                        "pack_size": null,
                        "unit_name": "bossetes",
                        "unit_size": 0.03,
                        "bulk_price": "43.33",
                        "unit_price": "1.30",
                        "approx_size": false,
                        "size_format": "kg",
                        "total_units": 20,
                        "unit_selector": true,
                        "bunch_selector": false,
                        "drained_weight": null,
                        "price_decreased": false,
                        "reference_price": "4.33",
                        "min_bunch_amount": 1.0,
                        "reference_format": "100 g",
                        "increment_bunch_amount": 1.0
                    }
                },
                {
                    "id": "11376",
                    "limit": 1000,
                    "badges": {
                        "is_water": false,
                        "requires_age_check": false
                    },
                    "packaging": "Capsa",
                    "thumbnail": "https://prod-mercadona.imgix.net/20190521/76/11376/vlc1/11376_00_02.jpg?fit=crop&h=206&w=206",
                    "display_name": "Te chai amb esp√®cies Hacendado",
                    "bunch_selector": false,
                    "price_instructions": {
                        "iva": 10,
                        "is_new": false,
                        "is_pack": false,
                        "pack_size": null,
                        "unit_name": "bossetes",
                        "unit_size": 0.04,
                        "bulk_price": "32.50",
                        "unit_price": "1.30",
                        "approx_size": false,
                        "size_format": "kg",
                        "total_units": 20,
                        "unit_selector": true,
                        "bunch_selector": false,
                        "drained_weight": null,
                        "price_decreased": false,
                        "reference_price": "3.25",
                        "min_bunch_amount": 1.0,
                        "reference_format": "100 g",
                        "increment_bunch_amount": 1.0
                    }
                },
                {
                    "id": "11388",
                    "limit": 1000,
                    "badges": {
                        "is_water": false,
                        "requires_age_check": false
                    },
                    "packaging": "Capsa",
                    "thumbnail": "https://prod-mercadona.imgix.net/20190521/88/11388/vlc1/11388_00_02.jpg?fit=crop&h=206&w=206",
                    "display_name": "Te verd Hacendado",
                    "bunch_selector": false,
                    "price_instructions": {
                        "iva": 10,
                        "is_new": false,
                        "is_pack": false,
                        "pack_size": null,
                        "unit_name": "bossetes",
                        "unit_size": 0.0375,
                        "bulk_price": "17.33",
                        "unit_price": "0.65",
                        "approx_size": false,
                        "size_format": "kg",
                        "total_units": 25,
                        "unit_selector": true,
                        "bunch_selector": false,
                        "drained_weight": null,
                        "price_decreased": false,
                        "reference_price": "1.73",
                        "min_bunch_amount": 1.0,
                        "reference_format": "100 g",
                        "increment_bunch_amount": 1.0
                    }
                },
                {
                    "id": "11326",
                    "limit": 1000,
                    "badges": {
                        "is_water": false,
                        "requires_age_check": false
                    },
                    "packaging": "Paquet",
                    "thumbnail": "https://prod-mercadona.imgix.net/20190521/26/11326/vlc1/11326_00_02.jpg?fit=crop&h=206&w=206",
                    "display_name": "Infusi√≥ herba mate Tarag√ºi",
                    "bunch_selector": false,
                    "price_instructions": {
                        "iva": 10,
                        "is_new": false,
                        "is_pack": false,
                        "pack_size": null,
                        "unit_name": null,
                        "unit_size": 0.5,
                        "bulk_price": "5.30",
                        "unit_price": "2.65",
                        "approx_size": false,
                        "size_format": "kg",
                        "total_units": null,
                        "unit_selector": true,
                        "bunch_selector": false,
                        "drained_weight": null,
                        "price_decreased": false,
                        "reference_price": "5.30",
                        "min_bunch_amount": 1.0,
                        "reference_format": "kg",
                        "increment_bunch_amount": 1.0
                    }
                },
                {
                    "id": "11343",
                    "limit": 1000,
                    "badges": {
                        "is_water": false,
                        "requires_age_check": false
                    },
                    "packaging": "Capsa",
                    "thumbnail": "https://prod-mercadona.imgix.net/20190521/43/11343/vlc1/11343_00_02.jpg?fit=crop&h=206&w=206",
                    "display_name": "Multinfusi√≥ delgaxan Pompadour",
                    "bunch_selector": false,
                    "price_instructions": {
                        "iva": 10,
                        "is_new": false,
                        "is_pack": false,
                        "pack_size": null,
                        "unit_name": "bossetes",
                        "unit_size": 0.0375,
                        "bulk_price": "54.67",
                        "unit_price": "2.05",
                        "approx_size": false,
                        "size_format": "kg",
                        "total_units": 25,
                        "unit_selector": true,
                        "bunch_selector": false,
                        "drained_weight": null,
                        "price_decreased": false,
                        "reference_price": "5.47",
                        "min_bunch_amount": 1.0,
                        "reference_format": "100 g",
                        "increment_bunch_amount": 1.0
                    }
                },
                {
                    "id": "60516",
                    "limit": 1000,
                    "badges": {
                        "is_water": false,
                        "requires_age_check": false
                    },
                    "packaging": "Capsa",
                    "thumbnail": "https://prod-mercadona.imgix.net/20190521/16/60516/vlc1/60516_00_02.jpg?fit=crop&h=206&w=206",
                    "display_name": "Filtres de te Finum",
                    "bunch_selector": false,
                    "price_instructions": {
                        "iva": 21,
                        "is_new": false,
                        "is_pack": false,
                        "pack_size": null,
                        "unit_name": "filtres",
                        "unit_size": 1.0,
                        "bulk_price": "0.02",
                        "unit_price": "2.15",
                        "approx_size": false,
                        "size_format": "ud",
                        "total_units": 100,
                        "unit_selector": true,
                        "bunch_selector": false,
                        "drained_weight": null,
                        "price_decreased": false,
                        "reference_price": "0.022",
                        "min_bunch_amount": 1.0,
                        "reference_format": "ud",
                        "increment_bunch_amount": 1.0
                    }
                },
                {
                    "id": "11418",
                    "limit": 1000,
                    "badges": {
                        "is_water": false,
                        "requires_age_check": false
                    },
                    "packaging": "Capsa",
                    "thumbnail": "https://prod-mercadona.imgix.net/20190521/18/11418/vlc1/11418_00_02.jpg?fit=crop&h=206&w=206",
                    "display_name": "Mescla de 3 tes Hacendado",
                    "bunch_selector": false,
                    "price_instructions": {
                        "iva": 10,
                        "is_new": false,
                        "is_pack": false,
                        "pack_size": null,
                        "unit_name": "bossetes",
                        "unit_size": 0.035,
                        "bulk_price": "32.86",
                        "unit_price": "1.15",
                        "approx_size": false,
                        "size_format": "kg",
                        "total_units": 20,
                        "unit_selector": true,
                        "bunch_selector": false,
                        "drained_weight": null,
                        "price_decreased": false,
                        "reference_price": "3.29",
                        "min_bunch_amount": 1.0,
                        "reference_format": "100 g",
                        "increment_bunch_amount": 1.0
                    }
                },
                {
                    "id": "11402",
                    "limit": 1000,
                    "badges": {
                        "is_water": false,
                        "requires_age_check": false
                    },
                    "packaging": "Paquet",
                    "thumbnail": "https://prod-mercadona.imgix.net/20190521/02/11402/vlc1/11402_00_02.jpg?fit=crop&h=206&w=206",
                    "display_name": "Te negre Tetley",
                    "bunch_selector": false,
                    "price_instructions": {
                        "iva": 10,
                        "is_new": false,
                        "is_pack": false,
                        "pack_size": null,
                        "unit_name": "bossetes",
                        "unit_size": 0.125,
                        "bulk_price": "13.20",
                        "unit_price": "1.65",
                        "approx_size": false,
                        "size_format": "kg",
                        "total_units": 40,
                        "unit_selector": true,
                        "bunch_selector": false,
                        "drained_weight": null,
                        "price_decreased": false,
                        "reference_price": "13.20",
                        "min_bunch_amount": 1.0,
                        "reference_format": "kg",
                        "increment_bunch_amount": 1.0
                    }
                },
                {
                    "id": "11344",
                    "limit": 1000,
                    "badges": {
                        "is_water": false,
                        "requires_age_check": false
                    },
                    "packaging": "Capsa",
                    "thumbnail": "https://prod-mercadona.imgix.net/20190521/44/11344/vlc1/11344_00_02.jpg?fit=crop&h=206&w=206",
                    "display_name": "Infusi√≥ roibos gust pruna Hacendado",
                    "bunch_selector": false,
                    "price_instructions": {
                        "iva": 10,
                        "is_new": false,
                        "is_pack": false,
                        "pack_size": null,
                        "unit_name": "bossetes",
                        "unit_size": 0.035,
                        "bulk_price": "28.29",
                        "unit_price": "0.99",
                        "approx_size": false,
                        "size_format": "kg",
                        "total_units": 20,
                        "unit_selector": true,
                        "bunch_selector": false,
                        "drained_weight": null,
                        "price_decreased": false,
                        "reference_price": "2.83",
                        "min_bunch_amount": 1.0,
                        "reference_format": "100 g",
                        "increment_bunch_amount": 1.0
                    }
                },
                {
                    "id": "11423",
                    "limit": 1000,
                    "badges": {
                        "is_water": false,
                        "requires_age_check": false
                    },
                    "packaging": "Capsa",
                    "thumbnail": "https://prod-mercadona.imgix.net/20190521/23/11423/vlc1/11423_00_02.jpg?fit=crop&h=206&w=206",
                    "display_name": "Te verd amb menta Hacendado",
                    "bunch_selector": false,
                    "price_instructions": {
                        "iva": 10,
                        "is_new": false,
                        "is_pack": false,
                        "pack_size": null,
                        "unit_name": "bossetes",
                        "unit_size": 0.036,
                        "bulk_price": "30.56",
                        "unit_price": "1.10",
                        "approx_size": false,
                        "size_format": "kg",
                        "total_units": 20,
                        "unit_selector": true,
                        "bunch_selector": false,
                        "drained_weight": null,
                        "price_decreased": false,
                        "reference_price": "3.06",
                        "min_bunch_amount": 1.0,
                        "reference_format": "100 g",
                        "increment_bunch_amount": 1.0
                    }
                },
                {
                    "id": "11424",
                    "limit": 1000,
                    "badges": {
                        "is_water": false,
                        "requires_age_check": false
                    },
                    "packaging": "Capsa",
                    "thumbnail": "https://prod-mercadona.imgix.net/20190521/24/11424/vlc1/11424_00_02.jpg?fit=crop&h=206&w=206",
                    "display_name": "Te vermell Hacendado",
                    "bunch_selector": false,
                    "price_instructions": {
                        "iva": 10,
                        "is_new": false,
                        "is_pack": false,
                        "pack_size": null,
                        "unit_name": "bossetes",
                        "unit_size": 0.05,
                        "bulk_price": "20.00",
                        "unit_price": "1.00",
                        "approx_size": false,
                        "size_format": "kg",
                        "total_units": 25,
                        "unit_selector": true,
                        "bunch_selector": false,
                        "drained_weight": null,
                        "price_decreased": false,
                        "reference_price": "20.00",
                        "min_bunch_amount": 1.0,
                        "reference_format": "kg",
                        "increment_bunch_amount": 1.0
                    }
                },
                {
                    "id": "11324",
                    "limit": 1000,
                    "badges": {
                        "is_water": false,
                        "requires_age_check": false
                    },
                    "packaging": "Capsa",
                    "thumbnail": "https://prod-mercadona.imgix.net/20190521/24/11324/vlc1/11324_00_02.jpg?fit=crop&h=206&w=206",
                    "display_name": "Infusi√≥ camamilla amb an√≠s Hacendado",
                    "bunch_selector": false,
                    "price_instructions": {
                        "iva": 10,
                        "is_new": false,
                        "is_pack": false,
                        "pack_size": null,
                        "unit_name": "bossetes",
                        "unit_size": 0.0325,
                        "bulk_price": "18.18",
                        "unit_price": "0.60",
                        "approx_size": false,
                        "size_format": "kg",
                        "total_units": 25,
                        "unit_selector": true,
                        "bunch_selector": false,
                        "drained_weight": null,
                        "price_decreased": false,
                        "reference_price": "1.82",
                        "min_bunch_amount": 1.0,
                        "reference_format": "100 g",
                        "increment_bunch_amount": 1.0
                    }
                },
                {
                    "id": "11363",
                    "limit": 1000,
                    "badges": {
                        "is_water": false,
                        "requires_age_check": false
                    },
                    "packaging": "Capsa",
                    "thumbnail": "https://prod-mercadona.imgix.net/20190521/63/11363/vlc1/11363_00_02.jpg?fit=crop&h=206&w=206",
                    "display_name": "Infusi√≥ camamilla gust mel Hacendado",
                    "bunch_selector": false,
                    "price_instructions": {
                        "iva": 10,
                        "is_new": false,
                        "is_pack": false,
                        "pack_size": null,
                        "unit_name": "bossetes",
                        "unit_size": 0.026,
                        "bulk_price": "38.08",
                        "unit_price": "0.99",
                        "approx_size": false,
                        "size_format": "kg",
                        "total_units": 20,
                        "unit_selector": true,
                        "bunch_selector": false,
                        "drained_weight": null,
                        "price_decreased": false,
                        "reference_price": "3.81",
                        "min_bunch_amount": 1.0,
                        "reference_format": "100 g",
                        "increment_bunch_amount": 1.0
                    }
                },
                {
                    "id": "11300",
                    "limit": 1000,
                    "badges": {
                        "is_water": false,
                        "requires_age_check": false
                    },
                    "packaging": "Capsa",
                    "thumbnail": "https://prod-mercadona.imgix.net/20190521/00/11300/vlc1/11300_00_02.jpg?fit=crop&h=206&w=206",
                    "display_name": "Infusi√≥ camamilla amb menta Hacendado",
                    "bunch_selector": false,
                    "price_instructions": {
                        "iva": 10,
                        "is_new": false,
                        "is_pack": false,
                        "pack_size": null,
                        "unit_name": "bossetes",
                        "unit_size": 0.04,
                        "bulk_price": "22.50",
                        "unit_price": "0.90",
                        "approx_size": false,
                        "size_format": "kg",
                        "total_units": 25,
                        "unit_selector": true,
                        "bunch_selector": false,
                        "drained_weight": null,
                        "price_decreased": false,
                        "reference_price": "2.25",
                        "min_bunch_amount": 1.0,
                        "reference_format": "100 g",
                        "increment_bunch_amount": 1.0
                    }
                },
                {
                    "id": "11354",
                    "limit": 1000,
                    "badges": {
                        "is_water": false,
                        "requires_age_check": false
                    },
                    "packaging": "Capsa",
                    "thumbnail": "https://prod-mercadona.imgix.net/20190521/54/11354/vlc1/11354_00_02.jpg?fit=crop&h=206&w=206",
                    "display_name": "Infusi√≥ menta poliol Hacendado",
                    "bunch_selector": false,
                    "price_instructions": {
                        "iva": 10,
                        "is_new": false,
                        "is_pack": false,
                        "pack_size": null,
                        "unit_name": "bossetes",
                        "unit_size": 0.0375,
                        "bulk_price": "12.00",
                        "unit_price": "0.45",
                        "approx_size": false,
                        "size_format": "kg",
                        "total_units": 25,
                        "unit_selector": true,
                        "bunch_selector": false,
                        "drained_weight": null,
                        "price_decreased": false,
                        "reference_price": "1.20",
                        "min_bunch_amount": 1.0,
                        "reference_format": "100 g",
                        "increment_bunch_amount": 1.0
                    }
                },
                {
                    "id": "11362",
                    "limit": 1000,
                    "badges": {
                        "is_water": false,
                        "requires_age_check": false
                    },
                    "packaging": "Capsa",
                    "thumbnail": "https://prod-mercadona.imgix.net/20190521/62/11362/vlc1/11362_00_02.jpg?fit=crop&h=206&w=206",
                    "display_name": "Infusi√≥ camamilla Hacendado",
                    "bunch_selector": false,
                    "price_instructions": {
                        "iva": 10,
                        "is_new": false,
                        "is_pack": false,
                        "pack_size": null,
                        "unit_name": "bossetes",
                        "unit_size": 0.03375,
                        "bulk_price": "11.56",
                        "unit_price": "0.39",
                        "approx_size": false,
                        "size_format": "kg",
                        "total_units": 25,
                        "unit_selector": true,
                        "bunch_selector": false,
                        "drained_weight": null,
                        "price_decreased": false,
                        "reference_price": "1.16",
                        "min_bunch_amount": 1.0,
                        "reference_format": "100 g",
                        "increment_bunch_amount": 1.0
                    }
                },
                {
                    "id": "11409",
                    "limit": 1000,
                    "badges": {
                        "is_water": false,
                        "requires_age_check": false
                    },
                    "packaging": "Capsa",
                    "thumbnail": "https://prod-mercadona.imgix.net/20190521/09/11409/vlc1/11409_00_02.jpg?fit=crop&h=206&w=206",
                    "display_name": "Infusi√≥ benestar til¬∑la-taronger Hacendado",
                    "bunch_selector": false,
                    "price_instructions": {
                        "iva": 10,
                        "is_new": false,
                        "is_pack": false,
                        "pack_size": null,
                        "unit_name": "bossetes",
                        "unit_size": 0.026,
                        "bulk_price": "42.31",
                        "unit_price": "1.10",
                        "approx_size": false,
                        "size_format": "kg",
                        "total_units": 20,
                        "unit_selector": true,
                        "bunch_selector": false,
                        "drained_weight": null,
                        "price_decreased": false,
                        "reference_price": "4.23",
                        "min_bunch_amount": 1.0,
                        "reference_format": "100 g",
                        "increment_bunch_amount": 1.0
                    }
                },
                {
                    "id": "11908",
                    "limit": 1000,
                    "badges": {
                        "is_water": false,
                        "requires_age_check": false
                    },
                    "packaging": "Capsa",
                    "thumbnail": "https://prod-mercadona.imgix.net/20190521/08/11908/vlc1/11908_00_02.jpg?fit=crop&h=206&w=206",
                    "display_name": "Infusi√≥ relax Hacendado",
                    "bunch_selector": false,
                    "price_instructions": {
                        "iva": 10,
                        "is_new": false,
                        "is_pack": false,
                        "pack_size": null,
                        "unit_name": "bossetes",
                        "unit_size": 0.03,
                        "bulk_price": "28.00",
                        "unit_price": "0.84",
                        "approx_size": false,
                        "size_format": "kg",
                        "total_units": 20,
                        "unit_selector": true,
                        "bunch_selector": false,
                        "drained_weight": null,
                        "price_decreased": false,
                        "reference_price": "2.80",
                        "min_bunch_amount": 1.0,
                        "reference_format": "100 g",
                        "increment_bunch_amount": 1.0
                    }
                },
                {
                    "id": "11373",
                    "limit": 1000,
                    "badges": {
                        "is_water": false,
                        "requires_age_check": false
                    },
                    "packaging": "Capsa",
                    "thumbnail": "https://prod-mercadona.imgix.net/20190521/73/11373/vlc1/11373_00_02.jpg?fit=crop&h=206&w=206",
                    "display_name": "Infusi√≥ til¬∑la Hacendado",
                    "bunch_selector": false,
                    "price_instructions": {
                        "iva": 10,
                        "is_new": false,
                        "is_pack": false,
                        "pack_size": null,
                        "unit_name": "bossetes",
                        "unit_size": 0.03,
                        "bulk_price": "16.33",
                        "unit_price": "0.49",
                        "approx_size": false,
                        "size_format": "kg",
                        "total_units": 25,
                        "unit_selector": true,
                        "bunch_selector": false,
                        "drained_weight": null,
                        "price_decreased": false,
                        "reference_price": "1.63",
                        "min_bunch_amount": 1.0,
                        "reference_format": "100 g",
                        "increment_bunch_amount": 1.0
                    }
                },
                {
                    "id": "11400",
                    "limit": 1000,
                    "badges": {
                        "is_water": false,
                        "requires_age_check": false
                    },
                    "packaging": "Capsa",
                    "thumbnail": "https://prod-mercadona.imgix.net/20190521/00/11400/vlc1/11400_00_02.jpg?fit=crop&h=206&w=206",
                    "display_name": "Infusi√≥ gingebre Hacendado",
                    "bunch_selector": false,
                    "price_instructions": {
                        "iva": 10,
                        "is_new": false,
                        "is_pack": false,
                        "pack_size": null,
                        "unit_name": "bossetes",
                        "unit_size": 0.04,
                        "bulk_price": "32.50",
                        "unit_price": "1.30",
                        "approx_size": false,
                        "size_format": "kg",
                        "total_units": 20,
                        "unit_selector": true,
                        "bunch_selector": false,
                        "drained_weight": null,
                        "price_decreased": false,
                        "reference_price": "3.25",
                        "min_bunch_amount": 1.0,
                        "reference_format": "100 g",
                        "increment_bunch_amount": 1.0
                    }
                },
                {
                    "id": "11442",
                    "limit": 1000,
                    "badges": {
                        "is_water": false,
                        "requires_age_check": false
                    },
                    "packaging": "Capsa",
                    "thumbnail": "https://prod-mercadona.imgix.net/20190521/42/11442/vlc1/11442_00_02.jpg?fit=crop&h=206&w=206",
                    "display_name": "Te verd amb menta Hacendado",
                    "bunch_selector": false,
                    "price_instructions": {
                        "iva": 10,
                        "is_new": false,
                        "is_pack": false,
                        "pack_size": null,
                        "unit_name": "bossetes",
                        "unit_size": 0.04,
                        "bulk_price": "42.50",
                        "unit_price": "1.70",
                        "approx_size": false,
                        "size_format": "kg",
                        "total_units": 20,
                        "unit_selector": true,
                        "bunch_selector": false,
                        "drained_weight": null,
                        "price_decreased": false,
                        "reference_price": "4.25",
                        "min_bunch_amount": 1.0,
                        "reference_format": "100 g",
                        "increment_bunch_amount": 1.0
                    }
                },
                {
                    "id": "11404",
                    "limit": 1000,
                    "badges": {
                        "is_water": false,
                        "requires_age_check": false
                    },
                    "packaging": "Capsa",
                    "thumbnail": "https://prod-mercadona.imgix.net/20190521/04/11404/vlc1/11404_00_02.jpg?fit=crop&h=206&w=206",
                    "display_name": "Infusi√≥ fruites vermelles Hacendado",
                    "bunch_selector": false,
                    "price_instructions": {
                        "iva": 10,
                        "is_new": false,
                        "is_pack": false,
                        "pack_size": null,
                        "unit_name": "bossetes",
                        "unit_size": 0.04,
                        "bulk_price": "42.50",
                        "unit_price": "1.70",
                        "approx_size": false,
                        "size_format": "kg",
                        "total_units": 20,
                        "unit_selector": true,
                        "bunch_selector": false,
                        "drained_weight": null,
                        "price_decreased": false,
                        "reference_price": "4.25",
                        "min_bunch_amount": 1.0,
                        "reference_format": "100 g",
                        "increment_bunch_amount": 1.0
                    }
                }
            ],
            "is_extended": false
        }
    ],
    "is_extended": false
}