{
    "id": 17,
    "name": "Congelats",
    "layout": 2,
    "categories": [
        {
            "id": 147,
            "name": "Arròs i pasta",
            "layout": 1,
            "products": [
                {
                    "id": "61302",
                    "limit": 1000,
                    "badges": {
                        "is_water": false,
                        "requires_age_check": false
                    },
                    "packaging": "Paquet",
                    "thumbnail": "https://prod-mercadona.imgix.net/20190521/02/61302/vlc1/61302_00_02.jpg?fit=crop&h=206&w=206",
                    "display_name": "Arròs precuit Hacendado ultracongelat",
                    "bunch_selector": false,
                    "price_instructions": {
                        "iva": 4,
                        "is_new": false,
                        "is_pack": false,
                        "pack_size": 0.167,
                        "unit_name": "bossetes",
                        "unit_size": 1.0,
                        "bulk_price": "1.65",
                        "unit_price": "1.65",
                        "approx_size": false,
                        "size_format": "kg",
                        "total_units": 6,
                        "unit_selector": true,
                        "bunch_selector": false,
                        "drained_weight": null,
                        "price_decreased": false,
                        "reference_price": "1.65",
                        "min_bunch_amount": 1.0,
                        "reference_format": "kg",
                        "increment_bunch_amount": 1.0
                    }
                },
                {
                    "id": "61305",
                    "limit": 1000,
                    "badges": {
                        "is_water": false,
                        "requires_age_check": false
                    },
                    "packaging": "Paquet",
                    "thumbnail": "https://prod-mercadona.imgix.net/20190521/05/61305/vlc1/61305_00_02.jpg?fit=crop&h=206&w=206",
                    "display_name": "Arròs amb verdures Hacendado ultracongelat",
                    "bunch_selector": false,
                    "price_instructions": {
                        "iva": 4,
                        "is_new": false,
                        "is_pack": false,
                        "pack_size": null,
                        "unit_name": null,
                        "unit_size": 0.6,
                        "bulk_price": "1.58",
                        "unit_price": "0.95",
                        "approx_size": false,
                        "size_format": "kg",
                        "total_units": null,
                        "unit_selector": true,
                        "bunch_selector": false,
                        "drained_weight": null,
                        "price_decreased": false,
                        "reference_price": "1.58",
                        "min_bunch_amount": 1.0,
                        "reference_format": "kg",
                        "increment_bunch_amount": 1.0
                    }
                },
                {
                    "id": "61303",
                    "limit": 1000,
                    "badges": {
                        "is_water": false,
                        "requires_age_check": false
                    },
                    "packaging": "Paquet",
                    "thumbnail": "https://prod-mercadona.imgix.net/20190521/03/61303/vlc1/61303_00_02.jpg?fit=crop&h=206&w=206",
                    "display_name": "Arròs amb pollastre rostit Hacendado ultracongelat",
                    "bunch_selector": false,
                    "price_instructions": {
                        "iva": 10,
                        "is_new": false,
                        "is_pack": false,
                        "pack_size": null,
                        "unit_name": null,
                        "unit_size": 0.6,
                        "bulk_price": "2.92",
                        "unit_price": "1.75",
                        "approx_size": false,
                        "size_format": "kg",
                        "total_units": null,
                        "unit_selector": true,
                        "bunch_selector": false,
                        "drained_weight": null,
                        "price_decreased": false,
                        "reference_price": "2.92",
                        "min_bunch_amount": 1.0,
                        "reference_format": "kg",
                        "increment_bunch_amount": 1.0
                    }
                },
                {
                    "id": "61327",
                    "limit": 1000,
                    "badges": {
                        "is_water": false,
                        "requires_age_check": false
                    },
                    "packaging": "Paquet",
                    "thumbnail": "https://prod-mercadona.imgix.net/20190521/27/61327/vlc1/61327_00_02.jpg?fit=crop&h=206&w=206",
                    "display_name": "Arròs negre Hacendado ultracongelat",
                    "bunch_selector": false,
                    "price_instructions": {
                        "iva": 10,
                        "is_new": false,
                        "is_pack": false,
                        "pack_size": null,
                        "unit_name": null,
                        "unit_size": 0.6,
                        "bulk_price": "3.58",
                        "unit_price": "2.15",
                        "approx_size": false,
                        "size_format": "kg",
                        "total_units": null,
                        "unit_selector": true,
                        "bunch_selector": false,
                        "drained_weight": null,
                        "price_decreased": false,
                        "reference_price": "3.58",
                        "min_bunch_amount": 1.0,
                        "reference_format": "kg",
                        "increment_bunch_amount": 1.0
                    }
                },
                {
                    "id": "61358",
                    "limit": 1000,
                    "badges": {
                        "is_water": false,
                        "requires_age_check": false
                    },
                    "packaging": "Paquet",
                    "thumbnail": "https://prod-mercadona.imgix.net/20190521/58/61358/vlc1/61358_00_02.jpg?fit=crop&h=206&w=206",
                    "display_name": "Risotto de xampinyons Hacendado ultracongelat",
                    "bunch_selector": false,
                    "price_instructions": {
                        "iva": 10,
                        "is_new": false,
                        "is_pack": false,
                        "pack_size": null,
                        "unit_name": null,
                        "unit_size": 0.5,
                        "bulk_price": "2.50",
                        "unit_price": "1.25",
                        "approx_size": false,
                        "size_format": "kg",
                        "total_units": null,
                        "unit_selector": true,
                        "bunch_selector": false,
                        "drained_weight": null,
                        "price_decreased": false,
                        "reference_price": "2.50",
                        "min_bunch_amount": 1.0,
                        "reference_format": "kg",
                        "increment_bunch_amount": 1.0
                    }
                },
                {
                    "id": "61361",
                    "limit": 1000,
                    "badges": {
                        "is_water": false,
                        "requires_age_check": false
                    },
                    "packaging": "Paquet",
                    "thumbnail": "https://prod-mercadona.imgix.net/20190521/61/61361/vlc1/61361_00_02.jpg?fit=crop&h=206&w=206",
                    "display_name": "Arròs marinera Hacendado ultracongelat",
                    "bunch_selector": false,
                    "price_instructions": {
                        "iva": 10,
                        "is_new": false,
                        "is_pack": false,
                        "pack_size": null,
                        "unit_name": null,
                        "unit_size": 0.6,
                        "bulk_price": "3.32",
                        "unit_price": "1.99",
                        "approx_size": false,
                        "size_format": "kg",
                        "total_units": null,
                        "unit_selector": true,
                        "bunch_selector": false,
                        "drained_weight": null,
                        "price_decreased": false,
                        "reference_price": "3.32",
                        "min_bunch_amount": 1.0,
                        "reference_format": "kg",
                        "increment_bunch_amount": 1.0
                    }
                },
                {
                    "id": "61712",
                    "limit": 1000,
                    "badges": {
                        "is_water": false,
                        "requires_age_check": false
                    },
                    "packaging": "Capsa",
                    "thumbnail": "https://prod-mercadona.imgix.net/20190521/12/61712/vlc1/61712_00_02.jpg?fit=crop&h=206&w=206",
                    "display_name": "Lasanya de carn a la barbacoa Hacendado ultracongelada",
                    "bunch_selector": false,
                    "price_instructions": {
                        "iva": 10,
                        "is_new": false,
                        "is_pack": false,
                        "pack_size": 0.3,
                        "unit_name": "safates",
                        "unit_size": 0.6,
                        "bulk_price": "3.55",
                        "unit_price": "2.13",
                        "approx_size": false,
                        "size_format": "kg",
                        "total_units": 2,
                        "unit_selector": true,
                        "bunch_selector": false,
                        "drained_weight": null,
                        "price_decreased": false,
                        "reference_price": "3.55",
                        "min_bunch_amount": 1.0,
                        "reference_format": "kg",
                        "increment_bunch_amount": 1.0
                    }
                },
                {
                    "id": "61354",
                    "limit": 1000,
                    "badges": {
                        "is_water": false,
                        "requires_age_check": false
                    },
                    "packaging": "Paquet",
                    "thumbnail": "https://prod-mercadona.imgix.net/20190521/54/61354/vlc1/61354_00_02.jpg?fit=crop&h=206&w=206",
                    "display_name": "Nyoquis de pollastre i verdures Hacendado ultracongelats",
                    "bunch_selector": false,
                    "price_instructions": {
                        "iva": 10,
                        "is_new": false,
                        "is_pack": false,
                        "pack_size": null,
                        "unit_name": null,
                        "unit_size": 0.6,
                        "bulk_price": "3.97",
                        "unit_price": "2.38",
                        "approx_size": false,
                        "size_format": "kg",
                        "total_units": null,
                        "unit_selector": true,
                        "bunch_selector": false,
                        "drained_weight": null,
                        "price_decreased": false,
                        "reference_price": "3.97",
                        "min_bunch_amount": 1.0,
                        "reference_format": "kg",
                        "increment_bunch_amount": 1.0
                    }
                },
                {
                    "id": "62026",
                    "limit": 1000,
                    "badges": {
                        "is_water": false,
                        "requires_age_check": false
                    },
                    "packaging": "Bol",
                    "thumbnail": "https://prod-mercadona.imgix.net/20190521/26/62026/vlc1/62026_00_02.jpg?fit=crop&h=206&w=206",
                    "display_name": "Sopa amb wonton de llagostí i fideus Hacendado ultracongelada",
                    "bunch_selector": false,
                    "price_instructions": {
                        "iva": 10,
                        "is_new": false,
                        "is_pack": false,
                        "pack_size": null,
                        "unit_name": null,
                        "unit_size": 0.309,
                        "bulk_price": "8.58",
                        "unit_price": "2.65",
                        "approx_size": false,
                        "size_format": "kg",
                        "total_units": null,
                        "unit_selector": true,
                        "bunch_selector": false,
                        "drained_weight": null,
                        "price_decreased": false,
                        "reference_price": "8.58",
                        "min_bunch_amount": 1.0,
                        "reference_format": "kg",
                        "increment_bunch_amount": 1.0
                    }
                },
                {
                    "id": "61362",
                    "limit": 1000,
                    "badges": {
                        "is_water": false,
                        "requires_age_check": false
                    },
                    "packaging": "Paquet",
                    "thumbnail": "https://prod-mercadona.imgix.net/20190521/62/61362/vlc1/61362_00_02.jpg?fit=crop&h=206&w=206",
                    "display_name": "Pasta amb pollastre amb pesto Hacendado ultracongelada",
                    "bunch_selector": false,
                    "price_instructions": {
                        "iva": 10,
                        "is_new": false,
                        "is_pack": false,
                        "pack_size": null,
                        "unit_name": null,
                        "unit_size": 0.3,
                        "bulk_price": "7.00",
                        "unit_price": "2.10",
                        "approx_size": false,
                        "size_format": "kg",
                        "total_units": null,
                        "unit_selector": true,
                        "bunch_selector": false,
                        "drained_weight": null,
                        "price_decreased": false,
                        "reference_price": "7.00",
                        "min_bunch_amount": 1.0,
                        "reference_format": "kg",
                        "increment_bunch_amount": 1.0
                    }
                },
                {
                    "id": "61341",
                    "limit": 1000,
                    "badges": {
                        "is_water": false,
                        "requires_age_check": false
                    },
                    "packaging": "Paquet",
                    "thumbnail": "https://prod-mercadona.imgix.net/20190521/41/61341/vlc1/61341_00_02.jpg?fit=crop&h=206&w=206",
                    "display_name": "Arròs tres delícies Hacendado ultracongelat",
                    "bunch_selector": false,
                    "price_instructions": {
                        "iva": 10,
                        "is_new": false,
                        "is_pack": false,
                        "pack_size": null,
                        "unit_name": null,
                        "unit_size": 1.0,
                        "bulk_price": "2.32",
                        "unit_price": "2.32",
                        "approx_size": false,
                        "size_format": "kg",
                        "total_units": null,
                        "unit_selector": true,
                        "bunch_selector": false,
                        "drained_weight": null,
                        "price_decreased": false,
                        "reference_price": "2.32",
                        "min_bunch_amount": 1.0,
                        "reference_format": "kg",
                        "increment_bunch_amount": 1.0
                    }
                },
                {
                    "id": "63721",
                    "limit": 1000,
                    "badges": {
                        "is_water": false,
                        "requires_age_check": false
                    },
                    "packaging": "Capsa",
                    "thumbnail": "https://prod-mercadona.imgix.net/20190521/21/63721/vlc1/63721_00_02.jpg?fit=crop&h=206&w=206",
                    "display_name": "Lasanya a la bolonyesa Hacendado ultracongelada",
                    "bunch_selector": false,
                    "price_instructions": {
                        "iva": 10,
                        "is_new": false,
                        "is_pack": false,
                        "pack_size": null,
                        "unit_name": "racions",
                        "unit_size": 1.1,
                        "bulk_price": "3.64",
                        "unit_price": "4.00",
                        "approx_size": false,
                        "size_format": "kg",
                        "total_units": 4,
                        "unit_selector": true,
                        "bunch_selector": false,
                        "drained_weight": null,
                        "price_decreased": false,
                        "reference_price": "3.64",
                        "min_bunch_amount": 1.0,
                        "reference_format": "kg",
                        "increment_bunch_amount": 1.0
                    }
                },
                {
                    "id": "63717",
                    "limit": 1000,
                    "badges": {
                        "is_water": false,
                        "requires_age_check": false
                    },
                    "packaging": "Capsa",
                    "thumbnail": "https://prod-mercadona.imgix.net/20190521/17/63717/vlc1/63717_00_02.jpg?fit=crop&h=206&w=206",
                    "display_name": "Canelons de tonyina amb beixamel Hacendado ultracongelats",
                    "bunch_selector": false,
                    "price_instructions": {
                        "iva": 10,
                        "is_new": false,
                        "is_pack": false,
                        "pack_size": 0.3,
                        "unit_name": "safates",
                        "unit_size": 0.6,
                        "bulk_price": "3.50",
                        "unit_price": "2.10",
                        "approx_size": false,
                        "size_format": "kg",
                        "total_units": 2,
                        "unit_selector": true,
                        "bunch_selector": false,
                        "drained_weight": null,
                        "price_decreased": false,
                        "reference_price": "3.50",
                        "min_bunch_amount": 1.0,
                        "reference_format": "kg",
                        "increment_bunch_amount": 1.0
                    }
                },
                {
                    "id": "61369",
                    "limit": 1000,
                    "badges": {
                        "is_water": false,
                        "requires_age_check": false
                    },
                    "packaging": "Paquet",
                    "thumbnail": "https://prod-mercadona.imgix.net/20190521/69/61369/vlc1/61369_00_02.jpg?fit=crop&h=206&w=206",
                    "display_name": "Arròs integral amb panses i poma Hacendado ultracongelat",
                    "bunch_selector": false,
                    "price_instructions": {
                        "iva": 10,
                        "is_new": false,
                        "is_pack": false,
                        "pack_size": null,
                        "unit_name": null,
                        "unit_size": 0.3,
                        "bulk_price": "6.00",
                        "unit_price": "1.80",
                        "approx_size": false,
                        "size_format": "kg",
                        "total_units": null,
                        "unit_selector": true,
                        "bunch_selector": false,
                        "drained_weight": null,
                        "price_decreased": false,
                        "reference_price": "6.00",
                        "min_bunch_amount": 1.0,
                        "reference_format": "kg",
                        "increment_bunch_amount": 1.0
                    }
                },
                {
                    "id": "63725",
                    "limit": 1000,
                    "badges": {
                        "is_water": false,
                        "requires_age_check": false
                    },
                    "packaging": "Capsa",
                    "thumbnail": "https://prod-mercadona.imgix.net/20190521/25/63725/vlc1/63725_00_02.jpg?fit=crop&h=206&w=206",
                    "display_name": "Lasanya a la bolonyesa Hacendado ultracongelada",
                    "bunch_selector": false,
                    "price_instructions": {
                        "iva": 10,
                        "is_new": false,
                        "is_pack": false,
                        "pack_size": 0.3,
                        "unit_name": "safates",
                        "unit_size": 0.6,
                        "bulk_price": "3.67",
                        "unit_price": "2.20",
                        "approx_size": false,
                        "size_format": "kg",
                        "total_units": 2,
                        "unit_selector": true,
                        "bunch_selector": false,
                        "drained_weight": null,
                        "price_decreased": false,
                        "reference_price": "3.67",
                        "min_bunch_amount": 1.0,
                        "reference_format": "kg",
                        "increment_bunch_amount": 1.0
                    }
                },
                {
                    "id": "63731",
                    "limit": 1000,
                    "badges": {
                        "is_water": false,
                        "requires_age_check": false
                    },
                    "packaging": "Paquet",
                    "thumbnail": "https://prod-mercadona.imgix.net/20190521/31/63731/vlc1/63731_00_02.jpg?fit=crop&h=206&w=206",
                    "display_name": "Canelons de carn sense beixamel Hacendado ultracongelats",
                    "bunch_selector": false,
                    "price_instructions": {
                        "iva": 10,
                        "is_new": false,
                        "is_pack": false,
                        "pack_size": null,
                        "unit_name": "u.",
                        "unit_size": 0.3,
                        "bulk_price": "6.00",
                        "unit_price": "1.80",
                        "approx_size": false,
                        "size_format": "kg",
                        "total_units": 6,
                        "unit_selector": true,
                        "bunch_selector": false,
                        "drained_weight": null,
                        "price_decreased": false,
                        "reference_price": "6.00",
                        "min_bunch_amount": 1.0,
                        "reference_format": "kg",
                        "increment_bunch_amount": 1.0
                    }
                },
                {
                    "id": "63730",
                    "limit": 1000,
                    "badges": {
                        "is_water": false,
                        "requires_age_check": false
                    },
                    "packaging": "Capsa",
                    "thumbnail": "https://prod-mercadona.imgix.net/20190521/30/63730/vlc1/63730_00_02.jpg?fit=crop&h=206&w=206",
                    "display_name": "Canelons de carn amb beixamel Hacendado ultracongelats",
                    "bunch_selector": false,
                    "price_instructions": {
                        "iva": 10,
                        "is_new": false,
                        "is_pack": false,
                        "pack_size": null,
                        "unit_name": "safates",
                        "unit_size": 0.6,
                        "bulk_price": "3.67",
                        "unit_price": "2.20",
                        "approx_size": false,
                        "size_format": "kg",
                        "total_units": 2,
                        "unit_selector": true,
                        "bunch_selector": false,
                        "drained_weight": null,
                        "price_decreased": false,
                        "reference_price": "3.67",
                        "min_bunch_amount": 1.0,
                        "reference_format": "kg",
                        "increment_bunch_amount": 1.0
                    }
                },
                {
                    "id": "63729",
                    "limit": 1000,
                    "badges": {
                        "is_water": false,
                        "requires_age_check": false
                    },
                    "packaging": "Capsa",
                    "thumbnail": "https://prod-mercadona.imgix.net/20190521/29/63729/vlc1/63729_00_02.jpg?fit=crop&h=206&w=206",
                    "display_name": "Canelons de carn amb beixamel Hacendado ultracongelats",
                    "bunch_selector": false,
                    "price_instructions": {
                        "iva": 10,
                        "is_new": false,
                        "is_pack": false,
                        "pack_size": null,
                        "unit_name": "u.",
                        "unit_size": 1.1,
                        "bulk_price": "3.63",
                        "unit_price": "3.99",
                        "approx_size": false,
                        "size_format": "kg",
                        "total_units": 12,
                        "unit_selector": true,
                        "bunch_selector": false,
                        "drained_weight": null,
                        "price_decreased": false,
                        "reference_price": "3.63",
                        "min_bunch_amount": 1.0,
                        "reference_format": "kg",
                        "increment_bunch_amount": 1.0
                    }
                },
                {
                    "id": "63732",
                    "limit": 1000,
                    "badges": {
                        "is_water": false,
                        "requires_age_check": false
                    },
                    "packaging": "Capsa",
                    "thumbnail": "https://prod-mercadona.imgix.net/20190521/32/63732/vlc1/63732_00_02.jpg?fit=crop&h=206&w=206",
                    "display_name": "Lasanya de verdures Hacendado ultracongelada",
                    "bunch_selector": false,
                    "price_instructions": {
                        "iva": 10,
                        "is_new": false,
                        "is_pack": false,
                        "pack_size": null,
                        "unit_name": "u.",
                        "unit_size": 0.58,
                        "bulk_price": "3.53",
                        "unit_price": "2.05",
                        "approx_size": false,
                        "size_format": "kg",
                        "total_units": 2,
                        "unit_selector": true,
                        "bunch_selector": false,
                        "drained_weight": null,
                        "price_decreased": false,
                        "reference_price": "3.53",
                        "min_bunch_amount": 1.0,
                        "reference_format": "kg",
                        "increment_bunch_amount": 1.0
                    }
                },
                {
                    "id": "61366",
                    "limit": 1000,
                    "badges": {
                        "is_water": false,
                        "requires_age_check": false
                    },
                    "packaging": "Paquet",
                    "thumbnail": "https://prod-mercadona.imgix.net/20190521/66/61366/vlc1/61366_00_02.jpg?fit=crop&h=206&w=206",
                    "display_name": "Quinoa amb verdures Hacendado ultracongelada",
                    "bunch_selector": false,
                    "price_instructions": {
                        "iva": 10,
                        "is_new": false,
                        "is_pack": false,
                        "pack_size": null,
                        "unit_name": null,
                        "unit_size": 0.3,
                        "bulk_price": "5.50",
                        "unit_price": "1.65",
                        "approx_size": false,
                        "size_format": "kg",
                        "total_units": null,
                        "unit_selector": true,
                        "bunch_selector": false,
                        "drained_weight": null,
                        "price_decreased": false,
                        "reference_price": "5.50",
                        "min_bunch_amount": 1.0,
                        "reference_format": "kg",
                        "increment_bunch_amount": 1.0
                    }
                }
            ],
            "is_extended": false
        },
        {
            "id": 148,
            "name": "Carn",
            "layout": 1,
            "products": [
                {
                    "id": "25182",
                    "limit": 1000,
                    "badges": {
                        "is_water": false,
                        "requires_age_check": false
                    },
                    "packaging": "Paquet",
                    "thumbnail": "https://prod-mercadona.imgix.net/20190521/82/25182/vlc1/25182_00_02.jpg?fit=crop&h=206&w=206",
                    "display_name": "Quarters del darrere de pollastre congelats",
                    "bunch_selector": false,
                    "price_instructions": {
                        "iva": 10,
                        "is_new": false,
                        "is_pack": false,
                        "pack_size": null,
                        "unit_name": null,
                        "unit_size": 2.0,
                        "bulk_price": "1.95",
                        "unit_price": "3.90",
                        "approx_size": false,
                        "size_format": "kg",
                        "total_units": null,
                        "unit_selector": true,
                        "bunch_selector": false,
                        "drained_weight": null,
                        "price_decreased": false,
                        "reference_price": "1.95",
                        "min_bunch_amount": 1.0,
                        "reference_format": "kg",
                        "increment_bunch_amount": 1.0
                    }
                },
                {
                    "id": "25089",
                    "limit": 1000,
                    "badges": {
                        "is_water": false,
                        "requires_age_check": false
                    },
                    "packaging": "Terrina",
                    "thumbnail": "https://prod-mercadona.imgix.net/20190521/89/25089/vlc1/25089_00_07.jpg?fit=crop&h=206&w=206",
                    "display_name": "Rovells de gallina congelats",
                    "bunch_selector": false,
                    "price_instructions": {
                        "iva": 10,
                        "is_new": false,
                        "is_pack": false,
                        "pack_size": null,
                        "unit_name": null,
                        "unit_size": 0.25,
                        "bulk_price": "5.00",
                        "unit_price": "1.25",
                        "approx_size": false,
                        "size_format": "kg",
                        "total_units": null,
                        "unit_selector": true,
                        "bunch_selector": false,
                        "drained_weight": null,
                        "price_decreased": false,
                        "reference_price": "5.00",
                        "min_bunch_amount": 1.0,
                        "reference_format": "kg",
                        "increment_bunch_amount": 1.0
                    }
                },
                {
                    "id": "25376",
                    "limit": 1000,
                    "badges": {
                        "is_water": false,
                        "requires_age_check": false
                    },
                    "packaging": "Paquet",
                    "thumbnail": "https://prod-mercadona.imgix.net/20190521/76/25376/vlc1/25376_00_02.jpg?fit=crop&h=206&w=206",
                    "display_name": "Cuixetes de gall dindi duplo congelades",
                    "bunch_selector": false,
                    "price_instructions": {
                        "iva": 10,
                        "is_new": false,
                        "is_pack": false,
                        "pack_size": null,
                        "unit_name": null,
                        "unit_size": 0.67,
                        "bulk_price": "2.95",
                        "unit_price": "1.98",
                        "approx_size": true,
                        "size_format": "kg",
                        "total_units": null,
                        "unit_selector": true,
                        "bunch_selector": false,
                        "drained_weight": null,
                        "price_decreased": false,
                        "reference_price": "2.95",
                        "min_bunch_amount": 1.0,
                        "reference_format": "kg",
                        "increment_bunch_amount": 1.0
                    }
                },
                {
                    "id": "25184",
                    "limit": 1000,
                    "badges": {
                        "is_water": false,
                        "requires_age_check": false
                    },
                    "packaging": "Paquet",
                    "thumbnail": "https://prod-mercadona.imgix.net/20190521/84/25184/vlc1/25184_00_02.jpg?fit=crop&h=206&w=206",
                    "display_name": "Ales de pollastre congelades",
                    "bunch_selector": false,
                    "price_instructions": {
                        "iva": 10,
                        "is_new": false,
                        "is_pack": false,
                        "pack_size": null,
                        "unit_name": null,
                        "unit_size": 1.0,
                        "bulk_price": "2.55",
                        "unit_price": "2.55",
                        "approx_size": false,
                        "size_format": "kg",
                        "total_units": null,
                        "unit_selector": true,
                        "bunch_selector": false,
                        "drained_weight": null,
                        "price_decreased": false,
                        "reference_price": "2.55",
                        "min_bunch_amount": 1.0,
                        "reference_format": "kg",
                        "increment_bunch_amount": 1.0
                    }
                },
                {
                    "id": "25353",
                    "limit": 1000,
                    "badges": {
                        "is_water": false,
                        "requires_age_check": false
                    },
                    "packaging": "Paquet",
                    "thumbnail": "https://prod-mercadona.imgix.net/20190521/53/25353/vlc1/25353_00_07.jpg?fit=crop&h=206&w=206",
                    "display_name": "Filet de gall dindi congelat",
                    "bunch_selector": false,
                    "price_instructions": {
                        "iva": 10,
                        "is_new": false,
                        "is_pack": false,
                        "pack_size": null,
                        "unit_name": null,
                        "unit_size": 0.35,
                        "bulk_price": "5.45",
                        "unit_price": "1.91",
                        "approx_size": true,
                        "size_format": "kg",
                        "total_units": null,
                        "unit_selector": true,
                        "bunch_selector": false,
                        "drained_weight": null,
                        "price_decreased": false,
                        "reference_price": "5.45",
                        "min_bunch_amount": 1.0,
                        "reference_format": "kg",
                        "increment_bunch_amount": 1.0
                    }
                },
                {
                    "id": "25183",
                    "limit": 1000,
                    "badges": {
                        "is_water": false,
                        "requires_age_check": false
                    },
                    "packaging": "Paquet",
                    "thumbnail": "https://prod-mercadona.imgix.net/20190521/83/25183/vlc1/25183_00_00.jpg?fit=crop&h=206&w=206",
                    "display_name": "Cuixetes de pollastre congelades",
                    "bunch_selector": false,
                    "price_instructions": {
                        "iva": 10,
                        "is_new": false,
                        "is_pack": false,
                        "pack_size": null,
                        "unit_name": null,
                        "unit_size": 1.0,
                        "bulk_price": "2.35",
                        "unit_price": "2.35",
                        "approx_size": false,
                        "size_format": "kg",
                        "total_units": null,
                        "unit_selector": true,
                        "bunch_selector": false,
                        "drained_weight": null,
                        "price_decreased": false,
                        "reference_price": "2.35",
                        "min_bunch_amount": 1.0,
                        "reference_format": "kg",
                        "increment_bunch_amount": 1.0
                    }
                },
                {
                    "id": "63007",
                    "limit": 1000,
                    "badges": {
                        "is_water": false,
                        "requires_age_check": false
                    },
                    "packaging": "Paquet",
                    "thumbnail": "https://prod-mercadona.imgix.net/20190521/07/63007/vlc1/63007_00_02.jpg?fit=crop&h=206&w=206",
                    "display_name": "Nuggets de gall dindi Hacendado ultracongelats",
                    "bunch_selector": false,
                    "price_instructions": {
                        "iva": 10,
                        "is_new": false,
                        "is_pack": false,
                        "pack_size": null,
                        "unit_name": null,
                        "unit_size": 0.4,
                        "bulk_price": "6.50",
                        "unit_price": "2.60",
                        "approx_size": false,
                        "size_format": "kg",
                        "total_units": null,
                        "unit_selector": true,
                        "bunch_selector": false,
                        "drained_weight": null,
                        "price_decreased": false,
                        "reference_price": "6.50",
                        "min_bunch_amount": 1.0,
                        "reference_format": "kg",
                        "increment_bunch_amount": 1.0
                    }
                },
                {
                    "id": "4072",
                    "limit": 1000,
                    "badges": {
                        "is_water": false,
                        "requires_age_check": false
                    },
                    "packaging": "Peça",
                    "thumbnail": "https://prod-mercadona.imgix.net/20190521/72/4072/vlc1/4072_00_02.jpg?fit=crop&h=206&w=206",
                    "display_name": "Espatlla de llet sencera congelada",
                    "bunch_selector": false,
                    "price_instructions": {
                        "iva": 10,
                        "is_new": false,
                        "is_pack": false,
                        "pack_size": null,
                        "unit_name": null,
                        "unit_size": 0.45,
                        "bulk_price": "16.90",
                        "unit_price": "7.61",
                        "approx_size": true,
                        "size_format": "kg",
                        "total_units": null,
                        "unit_selector": true,
                        "bunch_selector": false,
                        "drained_weight": null,
                        "price_decreased": false,
                        "reference_price": "16.90",
                        "min_bunch_amount": 1.0,
                        "reference_format": "kg",
                        "increment_bunch_amount": 1.0
                    }
                },
                {
                    "id": "61235",
                    "limit": 1000,
                    "badges": {
                        "is_water": false,
                        "requires_age_check": false
                    },
                    "packaging": "Paquet",
                    "thumbnail": "https://prod-mercadona.imgix.net/20190521/35/61235/vlc1/61235_00_02.jpg?fit=crop&h=206&w=206",
                    "display_name": "Farciment per a kebab amb carn de pollastre i vedella Hacendado ultracongelat",
                    "bunch_selector": false,
                    "price_instructions": {
                        "iva": 10,
                        "is_new": false,
                        "is_pack": false,
                        "pack_size": null,
                        "unit_name": null,
                        "unit_size": 0.3,
                        "bulk_price": "6.60",
                        "unit_price": "1.98",
                        "approx_size": false,
                        "size_format": "kg",
                        "total_units": null,
                        "unit_selector": true,
                        "bunch_selector": false,
                        "drained_weight": null,
                        "price_decreased": false,
                        "reference_price": "6.60",
                        "min_bunch_amount": 1.0,
                        "reference_format": "kg",
                        "increment_bunch_amount": 1.0
                    }
                },
                {
                    "id": "63321",
                    "limit": 1000,
                    "badges": {
                        "is_water": false,
                        "requires_age_check": false
                    },
                    "packaging": "Paquet",
                    "thumbnail": "https://prod-mercadona.imgix.net/20190521/21/63321/vlc1/63321_00_02.jpg?fit=crop&h=206&w=206",
                    "display_name": "Llibrets arrebossats de pernil dolç i formatge Tenedor Plata ultracongelats",
                    "bunch_selector": false,
                    "price_instructions": {
                        "iva": 10,
                        "is_new": false,
                        "is_pack": false,
                        "pack_size": null,
                        "unit_name": "u.",
                        "unit_size": 0.35,
                        "bulk_price": "2.83",
                        "unit_price": "0.99",
                        "approx_size": false,
                        "size_format": "kg",
                        "total_units": 4,
                        "unit_selector": true,
                        "bunch_selector": false,
                        "drained_weight": null,
                        "price_decreased": false,
                        "reference_price": "2.83",
                        "min_bunch_amount": 1.0,
                        "reference_format": "kg",
                        "increment_bunch_amount": 1.0
                    }
                },
                {
                    "id": "63322",
                    "limit": 1000,
                    "badges": {
                        "is_water": false,
                        "requires_age_check": false
                    },
                    "packaging": "Paquet",
                    "thumbnail": "https://prod-mercadona.imgix.net/20190521/22/63322/vlc1/63322_00_02.jpg?fit=crop&h=206&w=206",
                    "display_name": "Delícies de pollastre Hacendado ultracongelades",
                    "bunch_selector": false,
                    "price_instructions": {
                        "iva": 10,
                        "is_new": false,
                        "is_pack": false,
                        "pack_size": null,
                        "unit_name": null,
                        "unit_size": 0.5,
                        "bulk_price": "5.80",
                        "unit_price": "2.90",
                        "approx_size": false,
                        "size_format": "kg",
                        "total_units": null,
                        "unit_selector": true,
                        "bunch_selector": false,
                        "drained_weight": null,
                        "price_decreased": false,
                        "reference_price": "5.80",
                        "min_bunch_amount": 1.0,
                        "reference_format": "kg",
                        "increment_bunch_amount": 1.0
                    }
                },
                {
                    "id": "63323",
                    "limit": 1000,
                    "badges": {
                        "is_water": false,
                        "requires_age_check": false
                    },
                    "packaging": "Paquet",
                    "thumbnail": "https://prod-mercadona.imgix.net/20190521/23/63323/vlc1/63323_00_02.jpg?fit=crop&h=206&w=206",
                    "display_name": "Nuggets de pollastre Hacendado ultracongelats",
                    "bunch_selector": false,
                    "price_instructions": {
                        "iva": 10,
                        "is_new": false,
                        "is_pack": false,
                        "pack_size": null,
                        "unit_name": null,
                        "unit_size": 0.5,
                        "bulk_price": "4.50",
                        "unit_price": "2.25",
                        "approx_size": false,
                        "size_format": "kg",
                        "total_units": null,
                        "unit_selector": true,
                        "bunch_selector": false,
                        "drained_weight": null,
                        "price_decreased": false,
                        "reference_price": "4.50",
                        "min_bunch_amount": 1.0,
                        "reference_format": "kg",
                        "increment_bunch_amount": 1.0
                    }
                },
                {
                    "id": "63400",
                    "limit": 1000,
                    "badges": {
                        "is_water": false,
                        "requires_age_check": false
                    },
                    "packaging": "Paquet",
                    "thumbnail": "https://prod-mercadona.imgix.net/20190521/00/63400/vlc1/63400_00_02.jpg?fit=crop&h=206&w=206",
                    "display_name": "Croquetes de pernil Hacendado ultracongelades",
                    "bunch_selector": false,
                    "price_instructions": {
                        "iva": 10,
                        "is_new": false,
                        "is_pack": false,
                        "pack_size": null,
                        "unit_name": null,
                        "unit_size": 0.5,
                        "bulk_price": "1.98",
                        "unit_price": "0.99",
                        "approx_size": false,
                        "size_format": "kg",
                        "total_units": null,
                        "unit_selector": true,
                        "bunch_selector": false,
                        "drained_weight": null,
                        "price_decreased": false,
                        "reference_price": "1.98",
                        "min_bunch_amount": 1.0,
                        "reference_format": "kg",
                        "increment_bunch_amount": 1.0
                    }
                },
                {
                    "id": "63431",
                    "limit": 1000,
                    "badges": {
                        "is_water": false,
                        "requires_age_check": false
                    },
                    "packaging": "Paquet",
                    "thumbnail": "https://prod-mercadona.imgix.net/20190521/31/63431/vlc1/63431_00_02.jpg?fit=crop&h=206&w=206",
                    "display_name": "Croquetes petites de pernil Hacendado ultracongelades",
                    "bunch_selector": false,
                    "price_instructions": {
                        "iva": 10,
                        "is_new": false,
                        "is_pack": false,
                        "pack_size": null,
                        "unit_name": null,
                        "unit_size": 0.45,
                        "bulk_price": "2.22",
                        "unit_price": "1.00",
                        "approx_size": false,
                        "size_format": "kg",
                        "total_units": null,
                        "unit_selector": true,
                        "bunch_selector": false,
                        "drained_weight": null,
                        "price_decreased": false,
                        "reference_price": "2.22",
                        "min_bunch_amount": 1.0,
                        "reference_format": "kg",
                        "increment_bunch_amount": 1.0
                    }
                },
                {
                    "id": "63461",
                    "limit": 1000,
                    "badges": {
                        "is_water": false,
                        "requires_age_check": false
                    },
                    "packaging": "Paquet",
                    "thumbnail": "https://prod-mercadona.imgix.net/20190521/61/63461/vlc1/63461_00_02.jpg?fit=crop&h=206&w=206",
                    "display_name": "Croquetes d'ibèric Hacendado ultracongelades",
                    "bunch_selector": false,
                    "price_instructions": {
                        "iva": 10,
                        "is_new": false,
                        "is_pack": false,
                        "pack_size": null,
                        "unit_name": null,
                        "unit_size": 0.35,
                        "bulk_price": "4.00",
                        "unit_price": "1.40",
                        "approx_size": false,
                        "size_format": "kg",
                        "total_units": null,
                        "unit_selector": true,
                        "bunch_selector": false,
                        "drained_weight": null,
                        "price_decreased": false,
                        "reference_price": "4.00",
                        "min_bunch_amount": 1.0,
                        "reference_format": "kg",
                        "increment_bunch_amount": 1.0
                    }
                },
                {
                    "id": "63441",
                    "limit": 1000,
                    "badges": {
                        "is_water": false,
                        "requires_age_check": false
                    },
                    "packaging": "Paquet",
                    "thumbnail": "https://prod-mercadona.imgix.net/20190521/41/63441/vlc1/63441_00_02.jpg?fit=crop&h=206&w=206",
                    "display_name": "Croquetes de carn d'olla Hacendado ultracongelades",
                    "bunch_selector": false,
                    "price_instructions": {
                        "iva": 10,
                        "is_new": false,
                        "is_pack": false,
                        "pack_size": null,
                        "unit_name": null,
                        "unit_size": 0.35,
                        "bulk_price": "4.29",
                        "unit_price": "1.50",
                        "approx_size": false,
                        "size_format": "kg",
                        "total_units": null,
                        "unit_selector": true,
                        "bunch_selector": false,
                        "drained_weight": null,
                        "price_decreased": false,
                        "reference_price": "4.29",
                        "min_bunch_amount": 1.0,
                        "reference_format": "kg",
                        "increment_bunch_amount": 1.0
                    }
                },
                {
                    "id": "63397",
                    "limit": 1000,
                    "badges": {
                        "is_water": false,
                        "requires_age_check": false
                    },
                    "packaging": "Paquet",
                    "thumbnail": "https://prod-mercadona.imgix.net/20190521/97/63397/vlc1/63397_00_02.jpg?fit=crop&h=206&w=206",
                    "display_name": "Flamenquins de pernil dolç Tenedor Plata ultracongelats",
                    "bunch_selector": false,
                    "price_instructions": {
                        "iva": 10,
                        "is_new": false,
                        "is_pack": false,
                        "pack_size": null,
                        "unit_name": "u.",
                        "unit_size": 0.3,
                        "bulk_price": "5.00",
                        "unit_price": "1.50",
                        "approx_size": false,
                        "size_format": "kg",
                        "total_units": 4,
                        "unit_selector": true,
                        "bunch_selector": false,
                        "drained_weight": null,
                        "price_decreased": false,
                        "reference_price": "5.00",
                        "min_bunch_amount": 1.0,
                        "reference_format": "kg",
                        "increment_bunch_amount": 1.0
                    }
                },
                {
                    "id": "63490",
                    "limit": 1000,
                    "badges": {
                        "is_water": false,
                        "requires_age_check": false
                    },
                    "packaging": "Paquet",
                    "thumbnail": "https://prod-mercadona.imgix.net/20190521/90/63490/vlc1/63490_00_02.jpg?fit=crop&h=206&w=206",
                    "display_name": "Croquetes de pollastre Hacendado ultracongelades",
                    "bunch_selector": false,
                    "price_instructions": {
                        "iva": 10,
                        "is_new": false,
                        "is_pack": false,
                        "pack_size": null,
                        "unit_name": null,
                        "unit_size": 0.5,
                        "bulk_price": "1.98",
                        "unit_price": "0.99",
                        "approx_size": false,
                        "size_format": "kg",
                        "total_units": null,
                        "unit_selector": true,
                        "bunch_selector": false,
                        "drained_weight": null,
                        "price_decreased": false,
                        "reference_price": "1.98",
                        "min_bunch_amount": 1.0,
                        "reference_format": "kg",
                        "increment_bunch_amount": 1.0
                    }
                },
                {
                    "id": "4022",
                    "limit": 1000,
                    "badges": {
                        "is_water": false,
                        "requires_age_check": false
                    },
                    "packaging": "Peça",
                    "thumbnail": "https://prod-mercadona.imgix.net/20190521/22/4022/vlc1/4022_00_02.jpg?fit=crop&h=206&w=206",
                    "display_name": "Espatlla de xai sencera congelada",
                    "bunch_selector": false,
                    "price_instructions": {
                        "iva": 10,
                        "is_new": false,
                        "is_pack": false,
                        "pack_size": null,
                        "unit_name": null,
                        "unit_size": 1.2,
                        "bulk_price": "9.90",
                        "unit_price": "11.88",
                        "approx_size": true,
                        "size_format": "kg",
                        "total_units": null,
                        "unit_selector": true,
                        "bunch_selector": false,
                        "drained_weight": null,
                        "price_decreased": false,
                        "reference_price": "9.90",
                        "min_bunch_amount": 1.0,
                        "reference_format": "kg",
                        "increment_bunch_amount": 1.0
                    }
                },
                {
                    "id": "2228",
                    "limit": 1000,
                    "badges": {
                        "is_water": false,
                        "requires_age_check": false
                    },
                    "packaging": "Paquet",
                    "thumbnail": "https://prod-mercadona.imgix.net/20190521/28/2228/vlc1/2228_00_02.jpg?fit=crop&h=206&w=206",
                    "display_name": "Filet de porc marinat congelat",
                    "bunch_selector": false,
                    "price_instructions": {
                        "iva": 10,
                        "is_new": false,
                        "is_pack": false,
                        "pack_size": null,
                        "unit_name": null,
                        "unit_size": 0.8,
                        "bulk_price": "6.90",
                        "unit_price": "5.52",
                        "approx_size": true,
                        "size_format": "kg",
                        "total_units": null,
                        "unit_selector": true,
                        "bunch_selector": false,
                        "drained_weight": null,
                        "price_decreased": false,
                        "reference_price": "6.90",
                        "min_bunch_amount": 1.0,
                        "reference_format": "kg",
                        "increment_bunch_amount": 1.0
                    }
                },
                {
                    "id": "63401",
                    "limit": 1000,
                    "badges": {
                        "is_water": false,
                        "requires_age_check": false
                    },
                    "packaging": "Paquet",
                    "thumbnail": "https://prod-mercadona.imgix.net/20190521/01/63401/vlc1/63401_00_02.jpg?fit=crop&h=206&w=206",
                    "display_name": "Crocanrol de formatge curat Hacendado ultracongelat",
                    "bunch_selector": false,
                    "price_instructions": {
                        "iva": 10,
                        "is_new": false,
                        "is_pack": false,
                        "pack_size": null,
                        "unit_name": null,
                        "unit_size": 0.3,
                        "bulk_price": "6.67",
                        "unit_price": "2.00",
                        "approx_size": false,
                        "size_format": "kg",
                        "total_units": null,
                        "unit_selector": true,
                        "bunch_selector": false,
                        "drained_weight": null,
                        "price_decreased": false,
                        "reference_price": "6.67",
                        "min_bunch_amount": 1.0,
                        "reference_format": "kg",
                        "increment_bunch_amount": 1.0
                    }
                },
                {
                    "id": "63443",
                    "limit": 1000,
                    "badges": {
                        "is_water": false,
                        "requires_age_check": false
                    },
                    "packaging": "Paquet",
                    "thumbnail": "https://prod-mercadona.imgix.net/20190521/43/63443/vlc1/63443_00_02.jpg?fit=crop&h=206&w=206",
                    "display_name": "Mandonguilles de carn Tenedor Plata ultracongelades",
                    "bunch_selector": false,
                    "price_instructions": {
                        "iva": 10,
                        "is_new": false,
                        "is_pack": false,
                        "pack_size": null,
                        "unit_name": null,
                        "unit_size": 0.4,
                        "bulk_price": "4.00",
                        "unit_price": "1.60",
                        "approx_size": false,
                        "size_format": "kg",
                        "total_units": null,
                        "unit_selector": true,
                        "bunch_selector": false,
                        "drained_weight": null,
                        "price_decreased": false,
                        "reference_price": "4.00",
                        "min_bunch_amount": 1.0,
                        "reference_format": "kg",
                        "increment_bunch_amount": 1.0
                    }
                },
                {
                    "id": "2266",
                    "limit": 1000,
                    "badges": {
                        "is_water": false,
                        "requires_age_check": false
                    },
                    "packaging": "Paquet",
                    "thumbnail": "https://prod-mercadona.imgix.net/20190521/66/2266/vlc1/2266_00_02.jpg?fit=crop&h=206&w=206",
                    "display_name": "Cua de boví anoll",
                    "bunch_selector": false,
                    "price_instructions": {
                        "iva": 10,
                        "is_new": false,
                        "is_pack": false,
                        "pack_size": null,
                        "unit_name": null,
                        "unit_size": 1.1,
                        "bulk_price": "8.90",
                        "unit_price": "9.79",
                        "approx_size": true,
                        "size_format": "kg",
                        "total_units": null,
                        "unit_selector": true,
                        "bunch_selector": false,
                        "drained_weight": null,
                        "price_decreased": false,
                        "reference_price": "8.90",
                        "min_bunch_amount": 1.0,
                        "reference_format": "kg",
                        "increment_bunch_amount": 1.0
                    }
                },
                {
                    "id": "2633",
                    "limit": 1000,
                    "badges": {
                        "is_water": false,
                        "requires_age_check": false
                    },
                    "packaging": "Paquet",
                    "thumbnail": "https://prod-mercadona.imgix.net/20190521/33/2633/vlc1/2633_00_02.jpg?fit=crop&h=206&w=206",
                    "display_name": "Escalopes de boví arrebossades ultracongelades",
                    "bunch_selector": false,
                    "price_instructions": {
                        "iva": 10,
                        "is_new": false,
                        "is_pack": false,
                        "pack_size": null,
                        "unit_name": "u.",
                        "unit_size": 0.4,
                        "bulk_price": "7.00",
                        "unit_price": "2.80",
                        "approx_size": false,
                        "size_format": "kg",
                        "total_units": 4,
                        "unit_selector": true,
                        "bunch_selector": false,
                        "drained_weight": null,
                        "price_decreased": false,
                        "reference_price": "7.00",
                        "min_bunch_amount": 1.0,
                        "reference_format": "kg",
                        "increment_bunch_amount": 1.0
                    }
                },
                {
                    "id": "4930",
                    "limit": 1000,
                    "badges": {
                        "is_water": false,
                        "requires_age_check": false
                    },
                    "packaging": "Peça",
                    "thumbnail": "https://prod-mercadona.imgix.net/20190521/30/4930/vlc1/4930_00_02.jpg?fit=crop&h=206&w=206",
                    "display_name": "Entrecot de boví congelat",
                    "bunch_selector": false,
                    "price_instructions": {
                        "iva": 10,
                        "is_new": false,
                        "is_pack": false,
                        "pack_size": null,
                        "unit_name": null,
                        "unit_size": 0.3,
                        "bulk_price": "12.50",
                        "unit_price": "3.75",
                        "approx_size": true,
                        "size_format": "kg",
                        "total_units": null,
                        "unit_selector": true,
                        "bunch_selector": false,
                        "drained_weight": null,
                        "price_decreased": false,
                        "reference_price": "12.50",
                        "min_bunch_amount": 1.0,
                        "reference_format": "kg",
                        "increment_bunch_amount": 1.0
                    }
                },
                {
                    "id": "4073",
                    "limit": 1000,
                    "badges": {
                        "is_water": false,
                        "requires_age_check": false
                    },
                    "packaging": "Peça",
                    "thumbnail": "https://prod-mercadona.imgix.net/20190521/73/4073/vlc1/4073_00_02.jpg?fit=crop&h=206&w=206",
                    "display_name": "Cuixa de lletó sencera congelada",
                    "bunch_selector": false,
                    "price_instructions": {
                        "iva": 10,
                        "is_new": false,
                        "is_pack": false,
                        "pack_size": null,
                        "unit_name": null,
                        "unit_size": 0.65,
                        "bulk_price": "12.90",
                        "unit_price": "8.39",
                        "approx_size": true,
                        "size_format": "kg",
                        "total_units": null,
                        "unit_selector": true,
                        "bunch_selector": false,
                        "drained_weight": null,
                        "price_decreased": false,
                        "reference_price": "12.90",
                        "min_bunch_amount": 1.0,
                        "reference_format": "kg",
                        "increment_bunch_amount": 1.0
                    }
                },
                {
                    "id": "4931",
                    "limit": 1000,
                    "badges": {
                        "is_water": false,
                        "requires_age_check": false
                    },
                    "packaging": "Peça",
                    "thumbnail": "https://prod-mercadona.imgix.net/20190521/31/4931/vlc1/4931_00_02.jpg?fit=crop&h=206&w=206",
                    "display_name": "Llom de boví congelat",
                    "bunch_selector": false,
                    "price_instructions": {
                        "iva": 10,
                        "is_new": false,
                        "is_pack": false,
                        "pack_size": null,
                        "unit_name": null,
                        "unit_size": 0.265,
                        "bulk_price": "10.40",
                        "unit_price": "2.76",
                        "approx_size": true,
                        "size_format": "kg",
                        "total_units": null,
                        "unit_selector": true,
                        "bunch_selector": false,
                        "drained_weight": null,
                        "price_decreased": false,
                        "reference_price": "10.40",
                        "min_bunch_amount": 1.0,
                        "reference_format": "kg",
                        "increment_bunch_amount": 1.0
                    }
                },
                {
                    "id": "2658",
                    "limit": 1000,
                    "badges": {
                        "is_water": false,
                        "requires_age_check": false
                    },
                    "packaging": "Paquet",
                    "thumbnail": "https://prod-mercadona.imgix.net/20190521/58/2658/vlc1/2658_00_02.jpg?fit=crop&h=206&w=206",
                    "display_name": "Figuretes de boví amb formatge ultracongelades",
                    "bunch_selector": false,
                    "price_instructions": {
                        "iva": 10,
                        "is_new": false,
                        "is_pack": false,
                        "pack_size": null,
                        "unit_name": null,
                        "unit_size": 0.37,
                        "bulk_price": "6.76",
                        "unit_price": "2.50",
                        "approx_size": false,
                        "size_format": "kg",
                        "total_units": null,
                        "unit_selector": true,
                        "bunch_selector": false,
                        "drained_weight": null,
                        "price_decreased": false,
                        "reference_price": "6.76",
                        "min_bunch_amount": 1.0,
                        "reference_format": "kg",
                        "increment_bunch_amount": 1.0
                    }
                },
                {
                    "id": "2634",
                    "limit": 1000,
                    "badges": {
                        "is_water": false,
                        "requires_age_check": false
                    },
                    "packaging": "Paquet",
                    "thumbnail": "https://prod-mercadona.imgix.net/20190521/34/2634/vlc1/2634_00_02.jpg?fit=crop&h=206&w=206",
                    "display_name": "Escalopes de porc arrebossades ultracongelades",
                    "bunch_selector": false,
                    "price_instructions": {
                        "iva": 10,
                        "is_new": false,
                        "is_pack": false,
                        "pack_size": null,
                        "unit_name": "u.",
                        "unit_size": 0.4,
                        "bulk_price": "5.95",
                        "unit_price": "2.38",
                        "approx_size": false,
                        "size_format": "kg",
                        "total_units": 4,
                        "unit_selector": true,
                        "bunch_selector": false,
                        "drained_weight": null,
                        "price_decreased": false,
                        "reference_price": "5.95",
                        "min_bunch_amount": 1.0,
                        "reference_format": "kg",
                        "increment_bunch_amount": 1.0
                    }
                },
                {
                    "id": "4176",
                    "limit": 1000,
                    "badges": {
                        "is_water": false,
                        "requires_age_check": false
                    },
                    "packaging": "Paquet",
                    "thumbnail": "https://prod-mercadona.imgix.net/20190521/76/4176/vlc1/4176_00_00.jpg?fit=crop&h=206&w=206",
                    "display_name": "Medallons filet de porc marinat congelats",
                    "bunch_selector": false,
                    "price_instructions": {
                        "iva": 10,
                        "is_new": false,
                        "is_pack": false,
                        "pack_size": null,
                        "unit_name": null,
                        "unit_size": 0.3,
                        "bulk_price": "9.85",
                        "unit_price": "2.95",
                        "approx_size": true,
                        "size_format": "kg",
                        "total_units": null,
                        "unit_selector": true,
                        "bunch_selector": false,
                        "drained_weight": null,
                        "price_decreased": false,
                        "reference_price": "9.85",
                        "min_bunch_amount": 1.0,
                        "reference_format": "kg",
                        "increment_bunch_amount": 1.0
                    }
                }
            ],
            "is_extended": false
        },
        {
            "id": 154,
            "name": "Gelats",
            "layout": 1,
            "products": [
                {
                    "id": "63495",
                    "limit": 1000,
                    "badges": {
                        "is_water": false,
                        "requires_age_check": false
                    },
                    "packaging": "Capsa",
                    "thumbnail": "https://prod-mercadona.imgix.net/20190521/95/63495/vlc1/63495_00_02.jpg?fit=crop&h=206&w=206",
                    "display_name": "Creps farcides de xocolata Belga Hacendado ultracongelades",
                    "bunch_selector": false,
                    "price_instructions": {
                        "iva": 10,
                        "is_new": false,
                        "is_pack": false,
                        "pack_size": null,
                        "unit_name": "u.",
                        "unit_size": 0.54,
                        "bulk_price": "5.52",
                        "unit_price": "2.98",
                        "approx_size": false,
                        "size_format": "kg",
                        "total_units": 6,
                        "unit_selector": true,
                        "bunch_selector": false,
                        "drained_weight": null,
                        "price_decreased": false,
                        "reference_price": "5.52",
                        "min_bunch_amount": 1.0,
                        "reference_format": "kg",
                        "increment_bunch_amount": 1.0
                    }
                },
                {
                    "id": "63499",
                    "limit": 1000,
                    "badges": {
                        "is_water": false,
                        "requires_age_check": false
                    },
                    "packaging": "Capsa",
                    "thumbnail": "https://prod-mercadona.imgix.net/20190521/99/63499/vlc1/63499_00_02.jpg?fit=crop&h=206&w=206",
                    "display_name": "Creps Hacendado ultracongelades",
                    "bunch_selector": false,
                    "price_instructions": {
                        "iva": 10,
                        "is_new": false,
                        "is_pack": false,
                        "pack_size": null,
                        "unit_name": "u.",
                        "unit_size": 0.4,
                        "bulk_price": "5.62",
                        "unit_price": "2.25",
                        "approx_size": false,
                        "size_format": "kg",
                        "total_units": 8,
                        "unit_selector": true,
                        "bunch_selector": false,
                        "drained_weight": null,
                        "price_decreased": false,
                        "reference_price": "5.62",
                        "min_bunch_amount": 1.0,
                        "reference_format": "kg",
                        "increment_bunch_amount": 1.0
                    }
                },
                {
                    "id": "64247",
                    "limit": 1000,
                    "badges": {
                        "is_water": false,
                        "requires_age_check": false
                    },
                    "packaging": "Capsa",
                    "thumbnail": "https://prod-mercadona.imgix.net/20190521/47/64247/vlc1/64247_00_02.jpg?fit=crop&h=206&w=206",
                    "display_name": "Gelat mini cornet nata Hacendado sense sucres afegits",
                    "bunch_selector": false,
                    "price_instructions": {
                        "iva": 10,
                        "is_new": false,
                        "is_pack": false,
                        "pack_size": null,
                        "unit_name": "u.",
                        "unit_size": 0.444,
                        "bulk_price": "6.42",
                        "unit_price": "2.85",
                        "approx_size": false,
                        "size_format": "l",
                        "total_units": 12,
                        "unit_selector": true,
                        "bunch_selector": false,
                        "drained_weight": null,
                        "price_decreased": false,
                        "reference_price": "6.42",
                        "min_bunch_amount": 1.0,
                        "reference_format": "L",
                        "increment_bunch_amount": 1.0
                    }
                },
                {
                    "id": "14522",
                    "limit": 1000,
                    "badges": {
                        "is_water": false,
                        "requires_age_check": false
                    },
                    "packaging": "Capsa",
                    "thumbnail": "https://prod-mercadona.imgix.net/20190521/22/14522/vlc1/14522_00_01.jpg?fit=crop&h=206&w=206",
                    "display_name": "Cucurutxos de neules artesans Dicar",
                    "bunch_selector": false,
                    "price_instructions": {
                        "iva": 10,
                        "is_new": false,
                        "is_pack": false,
                        "pack_size": null,
                        "unit_name": "u.",
                        "unit_size": 0.11,
                        "bulk_price": "13.18",
                        "unit_price": "1.45",
                        "approx_size": false,
                        "size_format": "kg",
                        "total_units": 6,
                        "unit_selector": true,
                        "bunch_selector": false,
                        "drained_weight": null,
                        "price_decreased": false,
                        "reference_price": "13.18",
                        "min_bunch_amount": 1.0,
                        "reference_format": "kg",
                        "increment_bunch_amount": 1.0
                    }
                },
                {
                    "id": "64214",
                    "limit": 1000,
                    "badges": {
                        "is_water": false,
                        "requires_age_check": false
                    },
                    "packaging": "Capsa",
                    "thumbnail": "https://prod-mercadona.imgix.net/20190521/14/64214/vlc1/64214_00_02.jpg?fit=crop&h=206&w=206",
                    "display_name": "Gelat de barra gust vainilla, xocolata i nata Hacendado",
                    "bunch_selector": false,
                    "price_instructions": {
                        "iva": 10,
                        "is_new": false,
                        "is_pack": false,
                        "pack_size": null,
                        "unit_name": "racions",
                        "unit_size": 1.0,
                        "bulk_price": "0.99",
                        "unit_price": "0.99",
                        "approx_size": false,
                        "size_format": "l",
                        "total_units": 10,
                        "unit_selector": true,
                        "bunch_selector": false,
                        "drained_weight": null,
                        "price_decreased": false,
                        "reference_price": "0.99",
                        "min_bunch_amount": 1.0,
                        "reference_format": "L",
                        "increment_bunch_amount": 1.0
                    }
                },
                {
                    "id": "64213",
                    "limit": 1000,
                    "badges": {
                        "is_water": false,
                        "requires_age_check": false
                    },
                    "packaging": "Capsa",
                    "thumbnail": "https://prod-mercadona.imgix.net/20190521/13/64213/vlc1/64213_00_02.jpg?fit=crop&h=206&w=206",
                    "display_name": "Gelat de barra torró Hacendado",
                    "bunch_selector": false,
                    "price_instructions": {
                        "iva": 10,
                        "is_new": false,
                        "is_pack": false,
                        "pack_size": null,
                        "unit_name": "racions",
                        "unit_size": 1.0,
                        "bulk_price": "1.99",
                        "unit_price": "1.99",
                        "approx_size": false,
                        "size_format": "l",
                        "total_units": 10,
                        "unit_selector": true,
                        "bunch_selector": false,
                        "drained_weight": null,
                        "price_decreased": false,
                        "reference_price": "1.99",
                        "min_bunch_amount": 1.0,
                        "reference_format": "L",
                        "increment_bunch_amount": 1.0
                    }
                },
                {
                    "id": "64313",
                    "limit": 1000,
                    "badges": {
                        "is_water": false,
                        "requires_age_check": false
                    },
                    "packaging": "Capsa",
                    "thumbnail": "https://prod-mercadona.imgix.net/20190521/13/64313/vlc1/64313_00_02.jpg?fit=crop&h=206&w=206",
                    "display_name": "Pastís gelat nata i xocolata Hacendado",
                    "bunch_selector": false,
                    "price_instructions": {
                        "iva": 10,
                        "is_new": false,
                        "is_pack": false,
                        "pack_size": null,
                        "unit_name": null,
                        "unit_size": 1.2,
                        "bulk_price": "1.46",
                        "unit_price": "1.75",
                        "approx_size": false,
                        "size_format": "l",
                        "total_units": null,
                        "unit_selector": true,
                        "bunch_selector": false,
                        "drained_weight": null,
                        "price_decreased": false,
                        "reference_price": "1.46",
                        "min_bunch_amount": 0.0,
                        "reference_format": "L",
                        "increment_bunch_amount": 0.0
                    }
                },
                {
                    "id": "14527",
                    "limit": 1000,
                    "badges": {
                        "is_water": false,
                        "requires_age_check": false
                    },
                    "packaging": "Paquet",
                    "thumbnail": "https://prod-mercadona.imgix.net/20190521/27/14527/vlc1/14527_00_02.jpg?fit=crop&h=206&w=206",
                    "display_name": "Neules per a gelats Hacendado",
                    "bunch_selector": false,
                    "price_instructions": {
                        "iva": 10,
                        "is_new": false,
                        "is_pack": false,
                        "pack_size": null,
                        "unit_name": "u.",
                        "unit_size": 0.057,
                        "bulk_price": "7.02",
                        "unit_price": "0.40",
                        "approx_size": false,
                        "size_format": "kg",
                        "total_units": 24,
                        "unit_selector": true,
                        "bunch_selector": false,
                        "drained_weight": null,
                        "price_decreased": false,
                        "reference_price": "7.02",
                        "min_bunch_amount": 1.0,
                        "reference_format": "kg",
                        "increment_bunch_amount": 1.0
                    }
                },
                {
                    "id": "36205",
                    "limit": 1000,
                    "badges": {
                        "is_water": false,
                        "requires_age_check": false
                    },
                    "packaging": "Pot",
                    "thumbnail": "https://prod-mercadona.imgix.net/20190521/05/36205/vlc1/36205_00_02.jpg?fit=crop&h=206&w=206",
                    "display_name": "Tubets Hacendado",
                    "bunch_selector": false,
                    "price_instructions": {
                        "iva": 10,
                        "is_new": false,
                        "is_pack": false,
                        "pack_size": null,
                        "unit_name": null,
                        "unit_size": 0.175,
                        "bulk_price": "8.74",
                        "unit_price": "1.53",
                        "approx_size": false,
                        "size_format": "kg",
                        "total_units": null,
                        "unit_selector": true,
                        "bunch_selector": false,
                        "drained_weight": null,
                        "price_decreased": false,
                        "reference_price": "8.74",
                        "min_bunch_amount": 1.0,
                        "reference_format": "kg",
                        "increment_bunch_amount": 1.0
                    }
                },
                {
                    "id": "14533",
                    "limit": 1000,
                    "badges": {
                        "is_water": false,
                        "requires_age_check": false
                    },
                    "packaging": "Capsa",
                    "thumbnail": "https://prod-mercadona.imgix.net/20190521/33/14533/vlc1/14533_00_01.jpg?fit=crop&h=206&w=206",
                    "display_name": "Tulipes banyades Dicar",
                    "bunch_selector": false,
                    "price_instructions": {
                        "iva": 10,
                        "is_new": false,
                        "is_pack": false,
                        "pack_size": null,
                        "unit_name": "u.",
                        "unit_size": 0.147,
                        "bulk_price": "15.99",
                        "unit_price": "2.35",
                        "approx_size": false,
                        "size_format": "kg",
                        "total_units": 6,
                        "unit_selector": true,
                        "bunch_selector": false,
                        "drained_weight": null,
                        "price_decreased": false,
                        "reference_price": "15.99",
                        "min_bunch_amount": 1.0,
                        "reference_format": "kg",
                        "increment_bunch_amount": 1.0
                    }
                },
                {
                    "id": "14555",
                    "limit": 1000,
                    "badges": {
                        "is_water": false,
                        "requires_age_check": false
                    },
                    "packaging": "Pot",
                    "thumbnail": "https://prod-mercadona.imgix.net/20190521/55/14555/vlc1/14555_00_02.jpg?fit=crop&h=206&w=206",
                    "display_name": "Tubets banyats xocolata negra Hacendado",
                    "bunch_selector": false,
                    "price_instructions": {
                        "iva": 10,
                        "is_new": false,
                        "is_pack": false,
                        "pack_size": null,
                        "unit_name": null,
                        "unit_size": 0.15,
                        "bulk_price": "11.33",
                        "unit_price": "1.70",
                        "approx_size": false,
                        "size_format": "kg",
                        "total_units": null,
                        "unit_selector": true,
                        "bunch_selector": false,
                        "drained_weight": null,
                        "price_decreased": false,
                        "reference_price": "11.33",
                        "min_bunch_amount": 1.0,
                        "reference_format": "kg",
                        "increment_bunch_amount": 1.0
                    }
                },
                {
                    "id": "64074",
                    "limit": 1000,
                    "badges": {
                        "is_water": false,
                        "requires_age_check": false
                    },
                    "packaging": "Pot",
                    "thumbnail": "https://prod-mercadona.imgix.net/20190521/74/64074/vlc1/64074_00_02.jpg?fit=crop&h=206&w=206",
                    "display_name": "Gelat xocolata blanca Hacendado",
                    "bunch_selector": false,
                    "price_instructions": {
                        "iva": 10,
                        "is_new": false,
                        "is_pack": false,
                        "pack_size": null,
                        "unit_name": null,
                        "unit_size": 0.5,
                        "bulk_price": "4.60",
                        "unit_price": "2.30",
                        "approx_size": false,
                        "size_format": "l",
                        "total_units": null,
                        "unit_selector": true,
                        "bunch_selector": false,
                        "drained_weight": null,
                        "price_decreased": false,
                        "reference_price": "4.60",
                        "min_bunch_amount": 1.0,
                        "reference_format": "L",
                        "increment_bunch_amount": 1.0
                    }
                },
                {
                    "id": "64104",
                    "limit": 1000,
                    "badges": {
                        "is_water": false,
                        "requires_age_check": false
                    },
                    "packaging": "Terrina",
                    "thumbnail": "https://prod-mercadona.imgix.net/20190521/04/64104/vlc1/64104_00_01.jpg?fit=crop&h=206&w=206",
                    "display_name": "Gelat vainilla praliné amb nous pacanes Hacendado",
                    "bunch_selector": false,
                    "price_instructions": {
                        "iva": 10,
                        "is_new": false,
                        "is_pack": false,
                        "pack_size": null,
                        "unit_name": "racions",
                        "unit_size": 1.0,
                        "bulk_price": "2.55",
                        "unit_price": "2.55",
                        "approx_size": false,
                        "size_format": "l",
                        "total_units": 10,
                        "unit_selector": true,
                        "bunch_selector": false,
                        "drained_weight": null,
                        "price_decreased": false,
                        "reference_price": "2.55",
                        "min_bunch_amount": 1.0,
                        "reference_format": "L",
                        "increment_bunch_amount": 1.0
                    }
                },
                {
                    "id": "64019",
                    "limit": 1000,
                    "badges": {
                        "is_water": false,
                        "requires_age_check": false
                    },
                    "packaging": "Capsa",
                    "thumbnail": "https://prod-mercadona.imgix.net/20190521/19/64019/vlc1/64019_00_02.jpg?fit=crop&h=206&w=206",
                    "display_name": "Gelat cornet cor de xocolata Hacendado",
                    "bunch_selector": false,
                    "price_instructions": {
                        "iva": 10,
                        "is_new": false,
                        "is_pack": false,
                        "pack_size": 0.13,
                        "unit_name": "u.",
                        "unit_size": 0.78,
                        "bulk_price": "3.21",
                        "unit_price": "2.50",
                        "approx_size": false,
                        "size_format": "l",
                        "total_units": 6,
                        "unit_selector": true,
                        "bunch_selector": false,
                        "drained_weight": null,
                        "price_decreased": false,
                        "reference_price": "3.20",
                        "min_bunch_amount": 1.0,
                        "reference_format": "L",
                        "increment_bunch_amount": 1.0
                    }
                },
                {
                    "id": "64000",
                    "limit": 1000,
                    "badges": {
                        "is_water": false,
                        "requires_age_check": false
                    },
                    "packaging": "Capsa",
                    "thumbnail": "https://prod-mercadona.imgix.net/20190521/00/64000/vlc1/64000_00_02.jpg?fit=crop&h=206&w=206",
                    "display_name": "Gelat ametllat Hacendado",
                    "bunch_selector": false,
                    "price_instructions": {
                        "iva": 10,
                        "is_new": false,
                        "is_pack": false,
                        "pack_size": null,
                        "unit_name": "u.",
                        "unit_size": 0.72,
                        "bulk_price": "2.92",
                        "unit_price": "2.10",
                        "approx_size": false,
                        "size_format": "l",
                        "total_units": 6,
                        "unit_selector": true,
                        "bunch_selector": false,
                        "drained_weight": null,
                        "price_decreased": false,
                        "reference_price": "2.92",
                        "min_bunch_amount": 1.0,
                        "reference_format": "L",
                        "increment_bunch_amount": 1.0
                    }
                },
                {
                    "id": "64013",
                    "limit": 1000,
                    "badges": {
                        "is_water": false,
                        "requires_age_check": false
                    },
                    "packaging": "Capsa",
                    "thumbnail": "https://prod-mercadona.imgix.net/20190521/13/64013/vlc1/64013_00_02.jpg?fit=crop&h=206&w=206",
                    "display_name": "Gelat de llimona Hacendado",
                    "bunch_selector": false,
                    "price_instructions": {
                        "iva": 10,
                        "is_new": false,
                        "is_pack": false,
                        "pack_size": null,
                        "unit_name": "u.",
                        "unit_size": 0.75,
                        "bulk_price": "2.00",
                        "unit_price": "1.50",
                        "approx_size": false,
                        "size_format": "l",
                        "total_units": 10,
                        "unit_selector": true,
                        "bunch_selector": false,
                        "drained_weight": null,
                        "price_decreased": false,
                        "reference_price": "2.00",
                        "min_bunch_amount": 1.0,
                        "reference_format": "L",
                        "increment_bunch_amount": 1.0
                    }
                },
                {
                    "id": "64001",
                    "limit": 1000,
                    "badges": {
                        "is_water": false,
                        "requires_age_check": false
                    },
                    "packaging": "Capsa",
                    "thumbnail": "https://prod-mercadona.imgix.net/20190521/01/64001/vlc1/64001_00_02.jpg?fit=crop&h=206&w=206",
                    "display_name": "Gelats mini assortits Hacendado",
                    "bunch_selector": false,
                    "price_instructions": {
                        "iva": 10,
                        "is_new": false,
                        "is_pack": false,
                        "pack_size": null,
                        "unit_name": "u.",
                        "unit_size": 0.684,
                        "bulk_price": "3.29",
                        "unit_price": "2.25",
                        "approx_size": false,
                        "size_format": "l",
                        "total_units": 12,
                        "unit_selector": true,
                        "bunch_selector": false,
                        "drained_weight": null,
                        "price_decreased": false,
                        "reference_price": "3.29",
                        "min_bunch_amount": 1.0,
                        "reference_format": "L",
                        "increment_bunch_amount": 1.0
                    }
                },
                {
                    "id": "64012",
                    "limit": 1000,
                    "badges": {
                        "is_water": false,
                        "requires_age_check": false
                    },
                    "packaging": "Capsa",
                    "thumbnail": "https://prod-mercadona.imgix.net/20190521/12/64012/vlc1/64012_00_02.jpg?fit=crop&h=206&w=206",
                    "display_name": "Gelat de taronja Hacendado",
                    "bunch_selector": false,
                    "price_instructions": {
                        "iva": 10,
                        "is_new": false,
                        "is_pack": false,
                        "pack_size": null,
                        "unit_name": "u.",
                        "unit_size": 0.75,
                        "bulk_price": "2.00",
                        "unit_price": "1.50",
                        "approx_size": false,
                        "size_format": "l",
                        "total_units": 10,
                        "unit_selector": true,
                        "bunch_selector": false,
                        "drained_weight": null,
                        "price_decreased": false,
                        "reference_price": "2.00",
                        "min_bunch_amount": 1.0,
                        "reference_format": "L",
                        "increment_bunch_amount": 1.0
                    }
                },
                {
                    "id": "64251",
                    "limit": 1000,
                    "badges": {
                        "is_water": false,
                        "requires_age_check": false
                    },
                    "packaging": "Capsa",
                    "thumbnail": "https://prod-mercadona.imgix.net/20190521/51/64251/vlc1/64251_00_02.jpg?fit=crop&h=206&w=206",
                    "display_name": "Gelat cornet xoco nata Hacendado",
                    "bunch_selector": false,
                    "price_instructions": {
                        "iva": 10,
                        "is_new": false,
                        "is_pack": false,
                        "pack_size": 0.39,
                        "unit_name": "u.",
                        "unit_size": 0.72,
                        "bulk_price": "2.15",
                        "unit_price": "1.55",
                        "approx_size": false,
                        "size_format": "l",
                        "total_units": 6,
                        "unit_selector": true,
                        "bunch_selector": false,
                        "drained_weight": null,
                        "price_decreased": false,
                        "reference_price": "2.15",
                        "min_bunch_amount": 1.0,
                        "reference_format": "L",
                        "increment_bunch_amount": 1.0
                    }
                },
                {
                    "id": "64490",
                    "limit": 1000,
                    "badges": {
                        "is_water": false,
                        "requires_age_check": false
                    },
                    "packaging": "Capsa",
                    "thumbnail": "https://prod-mercadona.imgix.net/20190521/90/64490/vlc1/64490_00_02.jpg?fit=crop&h=206&w=206",
                    "display_name": "Gelat cornet vainilla caramel amb nous pacanes Hacendado",
                    "bunch_selector": false,
                    "price_instructions": {
                        "iva": 10,
                        "is_new": false,
                        "is_pack": false,
                        "pack_size": null,
                        "unit_name": "u.",
                        "unit_size": 0.44,
                        "bulk_price": "3.86",
                        "unit_price": "1.70",
                        "approx_size": false,
                        "size_format": "l",
                        "total_units": 4,
                        "unit_selector": true,
                        "bunch_selector": false,
                        "drained_weight": null,
                        "price_decreased": false,
                        "reference_price": "3.86",
                        "min_bunch_amount": 1.0,
                        "reference_format": "L",
                        "increment_bunch_amount": 1.0
                    }
                },
                {
                    "id": "64450",
                    "limit": 1000,
                    "badges": {
                        "is_water": false,
                        "requires_age_check": false
                    },
                    "packaging": "Capsa",
                    "thumbnail": "https://prod-mercadona.imgix.net/20190521/50/64450/vlc1/64450_00_02.jpg?fit=crop&h=206&w=206",
                    "display_name": "Gelat mini sandvitx nata Hacendado",
                    "bunch_selector": false,
                    "price_instructions": {
                        "iva": 10,
                        "is_new": false,
                        "is_pack": false,
                        "pack_size": 0.08,
                        "unit_name": "u.",
                        "unit_size": 0.48,
                        "bulk_price": "4.15",
                        "unit_price": "1.99",
                        "approx_size": false,
                        "size_format": "l",
                        "total_units": 6,
                        "unit_selector": true,
                        "bunch_selector": false,
                        "drained_weight": null,
                        "price_decreased": false,
                        "reference_price": "4.15",
                        "min_bunch_amount": 1.0,
                        "reference_format": "L",
                        "increment_bunch_amount": 1.0
                    }
                },
                {
                    "id": "64248",
                    "limit": 1000,
                    "badges": {
                        "is_water": false,
                        "requires_age_check": false
                    },
                    "packaging": "Capsa",
                    "thumbnail": "https://prod-mercadona.imgix.net/20190521/48/64248/vlc1/64248_00_02.jpg?fit=crop&h=206&w=206",
                    "display_name": "Gelat negre Hacendado",
                    "bunch_selector": false,
                    "price_instructions": {
                        "iva": 10,
                        "is_new": false,
                        "is_pack": false,
                        "pack_size": null,
                        "unit_name": "u.",
                        "unit_size": 0.72,
                        "bulk_price": "3.33",
                        "unit_price": "2.40",
                        "approx_size": false,
                        "size_format": "l",
                        "total_units": 6,
                        "unit_selector": true,
                        "bunch_selector": false,
                        "drained_weight": null,
                        "price_decreased": false,
                        "reference_price": "3.33",
                        "min_bunch_amount": 1.0,
                        "reference_format": "L",
                        "increment_bunch_amount": 1.0
                    }
                },
                {
                    "id": "64501",
                    "limit": 1000,
                    "badges": {
                        "is_water": false,
                        "requires_age_check": false
                    },
                    "packaging": "Capsa",
                    "thumbnail": "https://prod-mercadona.imgix.net/20190521/01/64501/vlc1/64501_00_02.jpg?fit=crop&h=206&w=206",
                    "display_name": "Gelat fruites i verdura",
                    "bunch_selector": false,
                    "price_instructions": {
                        "iva": 10,
                        "is_new": false,
                        "is_pack": false,
                        "pack_size": null,
                        "unit_name": "u.",
                        "unit_size": 0.3,
                        "bulk_price": "6.67",
                        "unit_price": "2.00",
                        "approx_size": false,
                        "size_format": "l",
                        "total_units": 6,
                        "unit_selector": true,
                        "bunch_selector": false,
                        "drained_weight": null,
                        "price_decreased": false,
                        "reference_price": "6.67",
                        "min_bunch_amount": 1.0,
                        "reference_format": "L",
                        "increment_bunch_amount": 1.0
                    }
                },
                {
                    "id": "64432",
                    "limit": 1000,
                    "badges": {
                        "is_water": false,
                        "requires_age_check": false
                    },
                    "packaging": "Terrina",
                    "thumbnail": "https://prod-mercadona.imgix.net/20190521/32/64432/vlc1/64432_00_01.jpg?fit=crop&h=206&w=206",
                    "display_name": "Gelat de xocolata Hacendado",
                    "bunch_selector": false,
                    "price_instructions": {
                        "iva": 10,
                        "is_new": false,
                        "is_pack": false,
                        "pack_size": null,
                        "unit_name": null,
                        "unit_size": 1.0,
                        "bulk_price": "2.25",
                        "unit_price": "2.25",
                        "approx_size": false,
                        "size_format": "l",
                        "total_units": null,
                        "unit_selector": true,
                        "bunch_selector": false,
                        "drained_weight": null,
                        "price_decreased": false,
                        "reference_price": "2.25",
                        "min_bunch_amount": 1.0,
                        "reference_format": "L",
                        "increment_bunch_amount": 1.0
                    }
                },
                {
                    "id": "64246",
                    "limit": 1000,
                    "badges": {
                        "is_water": false,
                        "requires_age_check": false
                    },
                    "packaging": "Capsa",
                    "thumbnail": "https://prod-mercadona.imgix.net/20190521/46/64246/vlc1/64246_00_02.jpg?fit=crop&h=206&w=206",
                    "display_name": "Gelat mini cornet nata Hacendado",
                    "bunch_selector": false,
                    "price_instructions": {
                        "iva": 10,
                        "is_new": false,
                        "is_pack": false,
                        "pack_size": null,
                        "unit_name": "u.",
                        "unit_size": 0.444,
                        "bulk_price": "5.29",
                        "unit_price": "2.35",
                        "approx_size": false,
                        "size_format": "l",
                        "total_units": 12,
                        "unit_selector": true,
                        "bunch_selector": false,
                        "drained_weight": null,
                        "price_decreased": false,
                        "reference_price": "5.29",
                        "min_bunch_amount": 1.0,
                        "reference_format": "L",
                        "increment_bunch_amount": 1.0
                    }
                },
                {
                    "id": "64414",
                    "limit": 1000,
                    "badges": {
                        "is_water": false,
                        "requires_age_check": false
                    },
                    "packaging": "Terrina",
                    "thumbnail": "https://prod-mercadona.imgix.net/20190521/14/64414/vlc1/64414_00_01.jpg?fit=crop&h=206&w=206",
                    "display_name": "Gelat de llet merengada Hacendado",
                    "bunch_selector": false,
                    "price_instructions": {
                        "iva": 10,
                        "is_new": false,
                        "is_pack": false,
                        "pack_size": null,
                        "unit_name": "racions",
                        "unit_size": 1.0,
                        "bulk_price": "1.95",
                        "unit_price": "1.95",
                        "approx_size": false,
                        "size_format": "l",
                        "total_units": 10,
                        "unit_selector": true,
                        "bunch_selector": false,
                        "drained_weight": null,
                        "price_decreased": false,
                        "reference_price": "1.95",
                        "min_bunch_amount": 0.0,
                        "reference_format": "L",
                        "increment_bunch_amount": 0.0
                    }
                },
                {
                    "id": "64424",
                    "limit": 1000,
                    "badges": {
                        "is_water": false,
                        "requires_age_check": false
                    },
                    "packaging": "Pot",
                    "thumbnail": "https://prod-mercadona.imgix.net/20190521/24/64424/vlc1/64424_00_02.jpg?fit=crop&h=206&w=206",
                    "display_name": "Gelat xocolata i cookies Hacendado",
                    "bunch_selector": false,
                    "price_instructions": {
                        "iva": 10,
                        "is_new": false,
                        "is_pack": false,
                        "pack_size": null,
                        "unit_name": null,
                        "unit_size": 0.5,
                        "bulk_price": "4.58",
                        "unit_price": "2.29",
                        "approx_size": false,
                        "size_format": "l",
                        "total_units": null,
                        "unit_selector": true,
                        "bunch_selector": false,
                        "drained_weight": null,
                        "price_decreased": false,
                        "reference_price": "4.58",
                        "min_bunch_amount": 1.0,
                        "reference_format": "L",
                        "increment_bunch_amount": 1.0
                    }
                },
                {
                    "id": "64444",
                    "limit": 1000,
                    "badges": {
                        "is_water": false,
                        "requires_age_check": false
                    },
                    "packaging": "Pot",
                    "thumbnail": "https://prod-mercadona.imgix.net/20190521/44/64444/vlc1/64444_00_02.jpg?fit=crop&h=206&w=206",
                    "display_name": "Gelat torró Hacendado",
                    "bunch_selector": false,
                    "price_instructions": {
                        "iva": 10,
                        "is_new": false,
                        "is_pack": false,
                        "pack_size": null,
                        "unit_name": null,
                        "unit_size": 0.5,
                        "bulk_price": "5.00",
                        "unit_price": "2.50",
                        "approx_size": false,
                        "size_format": "l",
                        "total_units": null,
                        "unit_selector": true,
                        "bunch_selector": false,
                        "drained_weight": null,
                        "price_decreased": false,
                        "reference_price": "5.00",
                        "min_bunch_amount": 1.0,
                        "reference_format": "L",
                        "increment_bunch_amount": 1.0
                    }
                },
                {
                    "id": "64404",
                    "limit": 1000,
                    "badges": {
                        "is_water": false,
                        "requires_age_check": false
                    },
                    "packaging": "Terrina",
                    "thumbnail": "https://prod-mercadona.imgix.net/20190521/04/64404/vlc1/64404_00_01.jpg?fit=crop&h=206&w=206",
                    "display_name": "Gelat caputxino Hacendado",
                    "bunch_selector": false,
                    "price_instructions": {
                        "iva": 10,
                        "is_new": false,
                        "is_pack": false,
                        "pack_size": null,
                        "unit_name": null,
                        "unit_size": 1.0,
                        "bulk_price": "2.35",
                        "unit_price": "2.35",
                        "approx_size": false,
                        "size_format": "l",
                        "total_units": null,
                        "unit_selector": true,
                        "bunch_selector": false,
                        "drained_weight": null,
                        "price_decreased": false,
                        "reference_price": "2.35",
                        "min_bunch_amount": 1.0,
                        "reference_format": "L",
                        "increment_bunch_amount": 1.0
                    }
                },
                {
                    "id": "64436",
                    "limit": 1000,
                    "badges": {
                        "is_water": false,
                        "requires_age_check": false
                    },
                    "packaging": "Pot",
                    "thumbnail": "https://prod-mercadona.imgix.net/20190521/36/64436/vlc1/64436_00_02.jpg?fit=crop&h=206&w=206",
                    "display_name": "Gelat pastís de formatge Hacendado amb maduixes",
                    "bunch_selector": false,
                    "price_instructions": {
                        "iva": 10,
                        "is_new": false,
                        "is_pack": false,
                        "pack_size": null,
                        "unit_name": "racions",
                        "unit_size": 0.5,
                        "bulk_price": "4.58",
                        "unit_price": "2.29",
                        "approx_size": false,
                        "size_format": "l",
                        "total_units": 5,
                        "unit_selector": true,
                        "bunch_selector": false,
                        "drained_weight": null,
                        "price_decreased": false,
                        "reference_price": "4.58",
                        "min_bunch_amount": 1.0,
                        "reference_format": "L",
                        "increment_bunch_amount": 1.0
                    }
                },
                {
                    "id": "64403",
                    "limit": 1000,
                    "badges": {
                        "is_water": false,
                        "requires_age_check": false
                    },
                    "packaging": "Terrina",
                    "thumbnail": "https://prod-mercadona.imgix.net/20190521/03/64403/vlc1/64403_00_01.jpg?fit=crop&h=206&w=206",
                    "display_name": "Gelat stracciatella Hacendado",
                    "bunch_selector": false,
                    "price_instructions": {
                        "iva": 10,
                        "is_new": false,
                        "is_pack": false,
                        "pack_size": null,
                        "unit_name": "racions",
                        "unit_size": 1.0,
                        "bulk_price": "2.35",
                        "unit_price": "2.35",
                        "approx_size": false,
                        "size_format": "l",
                        "total_units": 10,
                        "unit_selector": true,
                        "bunch_selector": false,
                        "drained_weight": null,
                        "price_decreased": false,
                        "reference_price": "2.35",
                        "min_bunch_amount": 0.0,
                        "reference_format": "L",
                        "increment_bunch_amount": 0.0
                    }
                },
                {
                    "id": "64433",
                    "limit": 1000,
                    "badges": {
                        "is_water": false,
                        "requires_age_check": false
                    },
                    "packaging": "Pot",
                    "thumbnail": "https://prod-mercadona.imgix.net/20190521/33/64433/vlc1/64433_00_02.jpg?fit=crop&h=206&w=206",
                    "display_name": "Gelat almívar de llet i caramel Hacendado",
                    "bunch_selector": false,
                    "price_instructions": {
                        "iva": 10,
                        "is_new": false,
                        "is_pack": false,
                        "pack_size": null,
                        "unit_name": "racions",
                        "unit_size": 0.5,
                        "bulk_price": "4.58",
                        "unit_price": "2.29",
                        "approx_size": false,
                        "size_format": "l",
                        "total_units": 5,
                        "unit_selector": true,
                        "bunch_selector": false,
                        "drained_weight": null,
                        "price_decreased": false,
                        "reference_price": "4.58",
                        "min_bunch_amount": 1.0,
                        "reference_format": "L",
                        "increment_bunch_amount": 1.0
                    }
                },
                {
                    "id": "64449",
                    "limit": 1000,
                    "badges": {
                        "is_water": false,
                        "requires_age_check": false
                    },
                    "packaging": "Terrina",
                    "thumbnail": "https://prod-mercadona.imgix.net/20190521/49/64449/vlc1/64449_00_01.jpg?fit=crop&h=206&w=206",
                    "display_name": "Gelat gust ou de xocolata Hacendado",
                    "bunch_selector": false,
                    "price_instructions": {
                        "iva": 10,
                        "is_new": false,
                        "is_pack": false,
                        "pack_size": null,
                        "unit_name": null,
                        "unit_size": 1.0,
                        "bulk_price": "2.55",
                        "unit_price": "2.55",
                        "approx_size": false,
                        "size_format": "l",
                        "total_units": null,
                        "unit_selector": true,
                        "bunch_selector": false,
                        "drained_weight": null,
                        "price_decreased": false,
                        "reference_price": "2.55",
                        "min_bunch_amount": 1.0,
                        "reference_format": "L",
                        "increment_bunch_amount": 1.0
                    }
                },
                {
                    "id": "64464",
                    "limit": 1000,
                    "badges": {
                        "is_water": false,
                        "requires_age_check": false
                    },
                    "packaging": "Pot",
                    "thumbnail": "https://prod-mercadona.imgix.net/20190521/64/64464/vlc1/64464_00_02.jpg?fit=crop&h=206&w=206",
                    "display_name": "Gelat menta xoco trossos Hacendado",
                    "bunch_selector": false,
                    "price_instructions": {
                        "iva": 10,
                        "is_new": false,
                        "is_pack": false,
                        "pack_size": null,
                        "unit_name": "racions",
                        "unit_size": 0.5,
                        "bulk_price": "4.98",
                        "unit_price": "2.49",
                        "approx_size": false,
                        "size_format": "l",
                        "total_units": 5,
                        "unit_selector": true,
                        "bunch_selector": false,
                        "drained_weight": null,
                        "price_decreased": false,
                        "reference_price": "4.98",
                        "min_bunch_amount": 1.0,
                        "reference_format": "L",
                        "increment_bunch_amount": 1.0
                    }
                },
                {
                    "id": "64499",
                    "limit": 1000,
                    "badges": {
                        "is_water": false,
                        "requires_age_check": false
                    },
                    "packaging": "Capsa",
                    "thumbnail": "https://prod-mercadona.imgix.net/20190521/99/64499/vlc1/64499_00_02.jpg?fit=crop&h=206&w=206",
                    "display_name": "Gelat Mini Nocciola Hacendado",
                    "bunch_selector": false,
                    "price_instructions": {
                        "iva": 10,
                        "is_new": false,
                        "is_pack": false,
                        "pack_size": null,
                        "unit_name": "u.",
                        "unit_size": 0.48,
                        "bulk_price": "4.90",
                        "unit_price": "2.35",
                        "approx_size": false,
                        "size_format": "l",
                        "total_units": 8,
                        "unit_selector": true,
                        "bunch_selector": false,
                        "drained_weight": null,
                        "price_decreased": false,
                        "reference_price": "4.90",
                        "min_bunch_amount": 1.0,
                        "reference_format": "L",
                        "increment_bunch_amount": 1.0
                    }
                },
                {
                    "id": "64249",
                    "limit": 1000,
                    "badges": {
                        "is_water": false,
                        "requires_age_check": false
                    },
                    "packaging": "Capsa",
                    "thumbnail": "https://prod-mercadona.imgix.net/20190521/49/64249/vlc1/64249_00_02.jpg?fit=crop&h=206&w=206",
                    "display_name": "Gelat blanc Hacendado",
                    "bunch_selector": false,
                    "price_instructions": {
                        "iva": 10,
                        "is_new": false,
                        "is_pack": false,
                        "pack_size": null,
                        "unit_name": "u.",
                        "unit_size": 0.7,
                        "bulk_price": "3.33",
                        "unit_price": "2.40",
                        "approx_size": false,
                        "size_format": "l",
                        "total_units": 6,
                        "unit_selector": true,
                        "bunch_selector": false,
                        "drained_weight": null,
                        "price_decreased": false,
                        "reference_price": "3.33",
                        "min_bunch_amount": 1.0,
                        "reference_format": "L",
                        "increment_bunch_amount": 1.0
                    }
                },
                {
                    "id": "64435",
                    "limit": 1000,
                    "badges": {
                        "is_water": false,
                        "requires_age_check": false
                    },
                    "packaging": "Pot",
                    "thumbnail": "https://prod-mercadona.imgix.net/20190521/35/64435/vlc1/64435_00_02.jpg?fit=crop&h=206&w=206",
                    "display_name": "Gelat vainilla i nous de macadàmia Hacendado",
                    "bunch_selector": false,
                    "price_instructions": {
                        "iva": 10,
                        "is_new": false,
                        "is_pack": false,
                        "pack_size": null,
                        "unit_name": "racions",
                        "unit_size": 0.5,
                        "bulk_price": "4.58",
                        "unit_price": "2.29",
                        "approx_size": false,
                        "size_format": "l",
                        "total_units": 5,
                        "unit_selector": true,
                        "bunch_selector": false,
                        "drained_weight": null,
                        "price_decreased": false,
                        "reference_price": "4.58",
                        "min_bunch_amount": 1.0,
                        "reference_format": "L",
                        "increment_bunch_amount": 1.0
                    }
                },
                {
                    "id": "64481",
                    "limit": 1000,
                    "badges": {
                        "is_water": false,
                        "requires_age_check": false
                    },
                    "packaging": "Terrina",
                    "thumbnail": "https://prod-mercadona.imgix.net/20190521/81/64481/vlc1/64481_00_01.jpg?fit=crop&h=206&w=206",
                    "display_name": "Gelat vegetal de soja gust mango amb gerds",
                    "bunch_selector": false,
                    "price_instructions": {
                        "iva": 10,
                        "is_new": false,
                        "is_pack": false,
                        "pack_size": null,
                        "unit_name": "racions",
                        "unit_size": 1.0,
                        "bulk_price": "3.90",
                        "unit_price": "3.90",
                        "approx_size": false,
                        "size_format": "l",
                        "total_units": 10,
                        "unit_selector": true,
                        "bunch_selector": false,
                        "drained_weight": null,
                        "price_decreased": false,
                        "reference_price": "3.90",
                        "min_bunch_amount": 0.0,
                        "reference_format": "L",
                        "increment_bunch_amount": 0.0
                    }
                },
                {
                    "id": "64078",
                    "limit": 1000,
                    "badges": {
                        "is_water": false,
                        "requires_age_check": false
                    },
                    "packaging": "Capsa",
                    "thumbnail": "https://prod-mercadona.imgix.net/20190521/78/64078/vlc1/64078_00_02.jpg?fit=crop&h=206&w=206",
                    "display_name": "Gelat cremós de llimona Hacendado sense sucres afegits",
                    "bunch_selector": false,
                    "price_instructions": {
                        "iva": 10,
                        "is_new": false,
                        "is_pack": false,
                        "pack_size": null,
                        "unit_name": "u.",
                        "unit_size": 0.4,
                        "bulk_price": "4.25",
                        "unit_price": "1.70",
                        "approx_size": false,
                        "size_format": "l",
                        "total_units": 4,
                        "unit_selector": true,
                        "bunch_selector": false,
                        "drained_weight": null,
                        "price_decreased": false,
                        "reference_price": "4.25",
                        "min_bunch_amount": 1.0,
                        "reference_format": "L",
                        "increment_bunch_amount": 1.0
                    }
                },
                {
                    "id": "64052",
                    "limit": 1000,
                    "badges": {
                        "is_water": false,
                        "requires_age_check": false
                    },
                    "packaging": "Capsa",
                    "thumbnail": "https://prod-mercadona.imgix.net/20190521/52/64052/vlc1/64052_00_02.jpg?fit=crop&h=206&w=206",
                    "display_name": "Gelat bombó de soja Bretona cobertura de xocolata",
                    "bunch_selector": false,
                    "price_instructions": {
                        "iva": 10,
                        "is_new": false,
                        "is_pack": false,
                        "pack_size": 0.12,
                        "unit_name": "u.",
                        "unit_size": 0.36,
                        "bulk_price": "13.00",
                        "unit_price": "3.25",
                        "approx_size": false,
                        "size_format": "l",
                        "total_units": 3,
                        "unit_selector": true,
                        "bunch_selector": false,
                        "drained_weight": null,
                        "price_decreased": false,
                        "reference_price": "13.00",
                        "min_bunch_amount": 1.0,
                        "reference_format": "kg",
                        "increment_bunch_amount": 1.0
                    }
                },
                {
                    "id": "64027",
                    "limit": 1000,
                    "badges": {
                        "is_water": false,
                        "requires_age_check": false
                    },
                    "packaging": "Paquet-6",
                    "thumbnail": "https://prod-mercadona.imgix.net/20190521/27/64027/vlc1/64027_00_01.jpg?fit=crop&h=206&w=206",
                    "display_name": "Granissat aigua d'ordi Hacendado",
                    "bunch_selector": false,
                    "price_instructions": {
                        "iva": 10,
                        "is_new": false,
                        "is_pack": true,
                        "pack_size": 0.2,
                        "unit_name": "u.",
                        "unit_size": 1.2,
                        "bulk_price": "1.83",
                        "unit_price": "2.20",
                        "approx_size": false,
                        "size_format": "l",
                        "total_units": 6,
                        "unit_selector": true,
                        "bunch_selector": false,
                        "drained_weight": null,
                        "price_decreased": false,
                        "reference_price": "1.83",
                        "min_bunch_amount": 1.0,
                        "reference_format": "L",
                        "increment_bunch_amount": 1.0
                    }
                },
                {
                    "id": "64035",
                    "limit": 1000,
                    "badges": {
                        "is_water": false,
                        "requires_age_check": false
                    },
                    "packaging": "Capsa",
                    "thumbnail": "https://prod-mercadona.imgix.net/20190521/35/64035/vlc1/64035_00_02.jpg?fit=crop&h=206&w=206",
                    "display_name": "Gelat cornet de vainilla Hacendado",
                    "bunch_selector": false,
                    "price_instructions": {
                        "iva": 10,
                        "is_new": false,
                        "is_pack": false,
                        "pack_size": 0.12,
                        "unit_name": "u.",
                        "unit_size": 0.72,
                        "bulk_price": "2.15",
                        "unit_price": "1.55",
                        "approx_size": false,
                        "size_format": "l",
                        "total_units": 6,
                        "unit_selector": true,
                        "bunch_selector": false,
                        "drained_weight": null,
                        "price_decreased": false,
                        "reference_price": "2.15",
                        "min_bunch_amount": 1.0,
                        "reference_format": "L",
                        "increment_bunch_amount": 1.0
                    }
                },
                {
                    "id": "64102",
                    "limit": 1000,
                    "badges": {
                        "is_water": false,
                        "requires_age_check": false
                    },
                    "packaging": "Capsa",
                    "thumbnail": "https://prod-mercadona.imgix.net/20190521/02/64102/vlc1/64102_00_02.jpg?fit=crop&h=206&w=206",
                    "display_name": "Gelat mini bombó Hacendado sense sucres afegits",
                    "bunch_selector": false,
                    "price_instructions": {
                        "iva": 10,
                        "is_new": false,
                        "is_pack": false,
                        "pack_size": 0.057,
                        "unit_name": "u.",
                        "unit_size": 0.456,
                        "bulk_price": "5.81",
                        "unit_price": "2.65",
                        "approx_size": false,
                        "size_format": "l",
                        "total_units": 8,
                        "unit_selector": true,
                        "bunch_selector": false,
                        "drained_weight": null,
                        "price_decreased": false,
                        "reference_price": "5.81",
                        "min_bunch_amount": 1.0,
                        "reference_format": "L",
                        "increment_bunch_amount": 1.0
                    }
                },
                {
                    "id": "64059",
                    "limit": 1000,
                    "badges": {
                        "is_water": false,
                        "requires_age_check": false
                    },
                    "packaging": "Capsa",
                    "thumbnail": "https://prod-mercadona.imgix.net/20190521/59/64059/vlc1/64059_00_02.jpg?fit=crop&h=206&w=206",
                    "display_name": "Gelat sandvitx de nata Hacendado",
                    "bunch_selector": false,
                    "price_instructions": {
                        "iva": 10,
                        "is_new": false,
                        "is_pack": false,
                        "pack_size": null,
                        "unit_name": "u.",
                        "unit_size": 0.6,
                        "bulk_price": "2.00",
                        "unit_price": "1.20",
                        "approx_size": false,
                        "size_format": "l",
                        "total_units": 6,
                        "unit_selector": true,
                        "bunch_selector": false,
                        "drained_weight": null,
                        "price_decreased": false,
                        "reference_price": "2.00",
                        "min_bunch_amount": 1.0,
                        "reference_format": "L",
                        "increment_bunch_amount": 1.0
                    }
                },
                {
                    "id": "64066",
                    "limit": 1000,
                    "badges": {
                        "is_water": false,
                        "requires_age_check": false
                    },
                    "packaging": "Capsa",
                    "thumbnail": "https://prod-mercadona.imgix.net/20190521/66/64066/vlc1/64066_00_02.jpg?fit=crop&h=206&w=206",
                    "display_name": "Gelat mini bombó ametllat Hacendado",
                    "bunch_selector": false,
                    "price_instructions": {
                        "iva": 10,
                        "is_new": false,
                        "is_pack": false,
                        "pack_size": 0.06,
                        "unit_name": "u.",
                        "unit_size": 0.48,
                        "bulk_price": "4.17",
                        "unit_price": "2.00",
                        "approx_size": false,
                        "size_format": "l",
                        "total_units": 8,
                        "unit_selector": true,
                        "bunch_selector": false,
                        "drained_weight": null,
                        "price_decreased": false,
                        "reference_price": "4.17",
                        "min_bunch_amount": 1.0,
                        "reference_format": "L",
                        "increment_bunch_amount": 1.0
                    }
                },
                {
                    "id": "64127",
                    "limit": 1000,
                    "badges": {
                        "is_water": false,
                        "requires_age_check": false
                    },
                    "packaging": "Paquet-6",
                    "thumbnail": "https://prod-mercadona.imgix.net/20190521/27/64127/vlc1/64127_00_01.jpg?fit=crop&h=206&w=206",
                    "display_name": "Granissat de llimona Hacendado sense sucres afegits",
                    "bunch_selector": false,
                    "price_instructions": {
                        "iva": 10,
                        "is_new": false,
                        "is_pack": true,
                        "pack_size": 0.2,
                        "unit_name": "u.",
                        "unit_size": 1.2,
                        "bulk_price": "1.71",
                        "unit_price": "2.05",
                        "approx_size": false,
                        "size_format": "l",
                        "total_units": 6,
                        "unit_selector": true,
                        "bunch_selector": false,
                        "drained_weight": null,
                        "price_decreased": false,
                        "reference_price": "1.71",
                        "min_bunch_amount": 1.0,
                        "reference_format": "L",
                        "increment_bunch_amount": 1.0
                    }
                },
                {
                    "id": "64107",
                    "limit": 1000,
                    "badges": {
                        "is_water": false,
                        "requires_age_check": false
                    },
                    "packaging": "Capsa",
                    "thumbnail": "https://prod-mercadona.imgix.net/20190521/07/64107/vlc1/64107_00_02.jpg?fit=crop&h=206&w=206",
                    "display_name": "Gelat sandvitx de nata Hacendado sense sucres afegits",
                    "bunch_selector": false,
                    "price_instructions": {
                        "iva": 10,
                        "is_new": false,
                        "is_pack": false,
                        "pack_size": null,
                        "unit_name": "u.",
                        "unit_size": 0.6,
                        "bulk_price": "2.92",
                        "unit_price": "1.75",
                        "approx_size": false,
                        "size_format": "l",
                        "total_units": 6,
                        "unit_selector": true,
                        "bunch_selector": false,
                        "drained_weight": null,
                        "price_decreased": false,
                        "reference_price": "2.92",
                        "min_bunch_amount": 1.0,
                        "reference_format": "L",
                        "increment_bunch_amount": 1.0
                    }
                },
                {
                    "id": "64054",
                    "limit": 1000,
                    "badges": {
                        "is_water": false,
                        "requires_age_check": false
                    },
                    "packaging": "Capsa",
                    "thumbnail": "https://prod-mercadona.imgix.net/20190521/54/64054/vlc1/64054_00_02.jpg?fit=crop&h=206&w=206",
                    "display_name": "Gelats petits Hacendado",
                    "bunch_selector": false,
                    "price_instructions": {
                        "iva": 10,
                        "is_new": false,
                        "is_pack": false,
                        "pack_size": null,
                        "unit_name": "bossetes",
                        "unit_size": 0.27,
                        "bulk_price": "4.81",
                        "unit_price": "1.30",
                        "approx_size": false,
                        "size_format": "l",
                        "total_units": 3,
                        "unit_selector": true,
                        "bunch_selector": false,
                        "drained_weight": null,
                        "price_decreased": false,
                        "reference_price": "4.82",
                        "min_bunch_amount": 1.0,
                        "reference_format": "L",
                        "increment_bunch_amount": 1.0
                    }
                },
                {
                    "id": "64128",
                    "limit": 1000,
                    "badges": {
                        "is_water": false,
                        "requires_age_check": false
                    },
                    "packaging": "Paquet-6",
                    "thumbnail": "https://prod-mercadona.imgix.net/20190521/28/64128/vlc1/64128_00_01.jpg?fit=crop&h=206&w=206",
                    "display_name": "Granissat de cafè Hacendado",
                    "bunch_selector": false,
                    "price_instructions": {
                        "iva": 10,
                        "is_new": false,
                        "is_pack": true,
                        "pack_size": 0.2,
                        "unit_name": "u.",
                        "unit_size": 1.2,
                        "bulk_price": "1.92",
                        "unit_price": "2.30",
                        "approx_size": false,
                        "size_format": "l",
                        "total_units": 6,
                        "unit_selector": true,
                        "bunch_selector": false,
                        "drained_weight": null,
                        "price_decreased": false,
                        "reference_price": "1.92",
                        "min_bunch_amount": 1.0,
                        "reference_format": "L",
                        "increment_bunch_amount": 1.0
                    }
                },
                {
                    "id": "64145",
                    "limit": 1000,
                    "badges": {
                        "is_water": false,
                        "requires_age_check": false
                    },
                    "packaging": "Capsa",
                    "thumbnail": "https://prod-mercadona.imgix.net/20190521/45/64145/vlc1/64145_00_02.jpg?fit=crop&h=206&w=206",
                    "display_name": "Castanyes gelades de nata Hacendado",
                    "bunch_selector": false,
                    "price_instructions": {
                        "iva": 10,
                        "is_new": false,
                        "is_pack": false,
                        "pack_size": 0.08,
                        "unit_name": "u.",
                        "unit_size": 0.32,
                        "bulk_price": "5.16",
                        "unit_price": "1.65",
                        "approx_size": false,
                        "size_format": "l",
                        "total_units": 4,
                        "unit_selector": true,
                        "bunch_selector": false,
                        "drained_weight": null,
                        "price_decreased": false,
                        "reference_price": "5.16",
                        "min_bunch_amount": 1.0,
                        "reference_format": "L",
                        "increment_bunch_amount": 1.0
                    }
                },
                {
                    "id": "64061",
                    "limit": 1000,
                    "badges": {
                        "is_water": false,
                        "requires_age_check": false
                    },
                    "packaging": "Capsa",
                    "thumbnail": "https://prod-mercadona.imgix.net/20190521/61/64061/vlc1/64061_00_02.jpg?fit=crop&h=206&w=206",
                    "display_name": "Gelat mini xocolata Hacendado",
                    "bunch_selector": false,
                    "price_instructions": {
                        "iva": 10,
                        "is_new": false,
                        "is_pack": false,
                        "pack_size": null,
                        "unit_name": "u.",
                        "unit_size": 0.48,
                        "bulk_price": "4.90",
                        "unit_price": "2.35",
                        "approx_size": false,
                        "size_format": "l",
                        "total_units": 8,
                        "unit_selector": true,
                        "bunch_selector": false,
                        "drained_weight": null,
                        "price_decreased": false,
                        "reference_price": "4.90",
                        "min_bunch_amount": 1.0,
                        "reference_format": "L",
                        "increment_bunch_amount": 1.0
                    }
                },
                {
                    "id": "64227",
                    "limit": 1000,
                    "badges": {
                        "is_water": false,
                        "requires_age_check": false
                    },
                    "packaging": "Capsa",
                    "thumbnail": "https://prod-mercadona.imgix.net/20190521/27/64227/vlc1/64227_00_02.jpg?fit=crop&h=206&w=206",
                    "display_name": "Gelat cornet mitjà de nata amb galetes de cacau",
                    "bunch_selector": false,
                    "price_instructions": {
                        "iva": 10,
                        "is_new": false,
                        "is_pack": false,
                        "pack_size": null,
                        "unit_name": "u.",
                        "unit_size": 0.48,
                        "bulk_price": "4.17",
                        "unit_price": "2.00",
                        "approx_size": false,
                        "size_format": "l",
                        "total_units": 8,
                        "unit_selector": true,
                        "bunch_selector": false,
                        "drained_weight": null,
                        "price_decreased": false,
                        "reference_price": "4.17",
                        "min_bunch_amount": 1.0,
                        "reference_format": "L",
                        "increment_bunch_amount": 1.0
                    }
                },
                {
                    "id": "64196",
                    "limit": 1000,
                    "badges": {
                        "is_water": false,
                        "requires_age_check": false
                    },
                    "packaging": "Capsa",
                    "thumbnail": "https://prod-mercadona.imgix.net/20190521/96/64196/vlc1/64196_00_02.jpg?fit=crop&h=206&w=206",
                    "display_name": "Gelat cornet de nata",
                    "bunch_selector": false,
                    "price_instructions": {
                        "iva": 10,
                        "is_new": false,
                        "is_pack": false,
                        "pack_size": 0.12,
                        "unit_name": "u.",
                        "unit_size": 0.72,
                        "bulk_price": "2.15",
                        "unit_price": "1.55",
                        "approx_size": false,
                        "size_format": "l",
                        "total_units": 6,
                        "unit_selector": true,
                        "bunch_selector": false,
                        "drained_weight": null,
                        "price_decreased": false,
                        "reference_price": "2.15",
                        "min_bunch_amount": 1.0,
                        "reference_format": "L",
                        "increment_bunch_amount": 1.0
                    }
                },
                {
                    "id": "64195",
                    "limit": 1000,
                    "badges": {
                        "is_water": false,
                        "requires_age_check": false
                    },
                    "packaging": "Capsa",
                    "thumbnail": "https://prod-mercadona.imgix.net/20190521/95/64195/vlc1/64195_00_02.jpg?fit=crop&h=206&w=206",
                    "display_name": "Gelat gust xocolata Hacendado",
                    "bunch_selector": false,
                    "price_instructions": {
                        "iva": 10,
                        "is_new": false,
                        "is_pack": false,
                        "pack_size": null,
                        "unit_name": "u.",
                        "unit_size": 0.75,
                        "bulk_price": "2.00",
                        "unit_price": "1.50",
                        "approx_size": false,
                        "size_format": "l",
                        "total_units": 10,
                        "unit_selector": true,
                        "bunch_selector": false,
                        "drained_weight": null,
                        "price_decreased": false,
                        "reference_price": "2.00",
                        "min_bunch_amount": 0.5,
                        "reference_format": "L",
                        "increment_bunch_amount": 1.0
                    }
                },
                {
                    "id": "64179",
                    "limit": 1000,
                    "badges": {
                        "is_water": false,
                        "requires_age_check": false
                    },
                    "packaging": "Capsa",
                    "thumbnail": "https://prod-mercadona.imgix.net/20190521/79/64179/vlc1/64179_00_02.jpg?fit=crop&h=206&w=206",
                    "display_name": "Gelat d'orxata Hacendado",
                    "bunch_selector": false,
                    "price_instructions": {
                        "iva": 10,
                        "is_new": false,
                        "is_pack": false,
                        "pack_size": null,
                        "unit_name": "u.",
                        "unit_size": 0.75,
                        "bulk_price": "2.47",
                        "unit_price": "1.85",
                        "approx_size": false,
                        "size_format": "l",
                        "total_units": 10,
                        "unit_selector": true,
                        "bunch_selector": false,
                        "drained_weight": null,
                        "price_decreased": false,
                        "reference_price": "2.47",
                        "min_bunch_amount": 1.0,
                        "reference_format": "L",
                        "increment_bunch_amount": 1.0
                    }
                },
                {
                    "id": "64200",
                    "limit": 1000,
                    "badges": {
                        "is_water": false,
                        "requires_age_check": false
                    },
                    "packaging": "Capsa",
                    "thumbnail": "https://prod-mercadona.imgix.net/20190521/00/64200/vlc1/64200_00_02.jpg?fit=crop&h=206&w=206",
                    "display_name": "Gelat sandvitx súper nata Hacendado",
                    "bunch_selector": false,
                    "price_instructions": {
                        "iva": 10,
                        "is_new": false,
                        "is_pack": false,
                        "pack_size": null,
                        "unit_name": "u.",
                        "unit_size": 0.87,
                        "bulk_price": "2.41",
                        "unit_price": "2.10",
                        "approx_size": false,
                        "size_format": "l",
                        "total_units": 6,
                        "unit_selector": true,
                        "bunch_selector": false,
                        "drained_weight": null,
                        "price_decreased": false,
                        "reference_price": "2.41",
                        "min_bunch_amount": 1.0,
                        "reference_format": "L",
                        "increment_bunch_amount": 1.0
                    }
                },
                {
                    "id": "64221",
                    "limit": 1000,
                    "badges": {
                        "is_water": false,
                        "requires_age_check": false
                    },
                    "packaging": "Capsa",
                    "thumbnail": "https://prod-mercadona.imgix.net/20190521/21/64221/vlc1/64221_00_02.jpg?fit=crop&h=206&w=206",
                    "display_name": "Gelat cornet maduixa nata",
                    "bunch_selector": false,
                    "price_instructions": {
                        "iva": 10,
                        "is_new": false,
                        "is_pack": false,
                        "pack_size": null,
                        "unit_name": "u.",
                        "unit_size": 0.72,
                        "bulk_price": "2.15",
                        "unit_price": "1.55",
                        "approx_size": false,
                        "size_format": "l",
                        "total_units": 6,
                        "unit_selector": true,
                        "bunch_selector": false,
                        "drained_weight": null,
                        "price_decreased": false,
                        "reference_price": "2.15",
                        "min_bunch_amount": 1.0,
                        "reference_format": "L",
                        "increment_bunch_amount": 1.0
                    }
                },
                {
                    "id": "64207",
                    "limit": 1000,
                    "badges": {
                        "is_water": false,
                        "requires_age_check": false
                    },
                    "packaging": "Capsa",
                    "thumbnail": "https://prod-mercadona.imgix.net/20190521/07/64207/vlc1/64207_00_02.jpg?fit=crop&h=206&w=206",
                    "display_name": "Gelat Choco Stick nata",
                    "bunch_selector": false,
                    "price_instructions": {
                        "iva": 10,
                        "is_new": false,
                        "is_pack": false,
                        "pack_size": null,
                        "unit_name": "u.",
                        "unit_size": 0.544,
                        "bulk_price": "3.40",
                        "unit_price": "1.85",
                        "approx_size": false,
                        "size_format": "l",
                        "total_units": 8,
                        "unit_selector": true,
                        "bunch_selector": false,
                        "drained_weight": null,
                        "price_decreased": false,
                        "reference_price": "3.40",
                        "min_bunch_amount": 1.0,
                        "reference_format": "L",
                        "increment_bunch_amount": 1.0
                    }
                },
                {
                    "id": "64166",
                    "limit": 1000,
                    "badges": {
                        "is_water": false,
                        "requires_age_check": false
                    },
                    "packaging": "Capsa",
                    "thumbnail": "https://prod-mercadona.imgix.net/20190521/66/64166/vlc1/64166_00_02.jpg?fit=crop&h=206&w=206",
                    "display_name": "Mitjos cocos gelats Hacendado",
                    "bunch_selector": false,
                    "price_instructions": {
                        "iva": 10,
                        "is_new": false,
                        "is_pack": false,
                        "pack_size": 0.175,
                        "unit_name": "u.",
                        "unit_size": 0.35,
                        "bulk_price": "5.86",
                        "unit_price": "2.05",
                        "approx_size": false,
                        "size_format": "l",
                        "total_units": 2,
                        "unit_selector": true,
                        "bunch_selector": false,
                        "drained_weight": null,
                        "price_decreased": false,
                        "reference_price": "5.86",
                        "min_bunch_amount": 1.0,
                        "reference_format": "L",
                        "increment_bunch_amount": 1.0
                    }
                },
                {
                    "id": "64172",
                    "limit": 1000,
                    "badges": {
                        "is_water": false,
                        "requires_age_check": false
                    },
                    "packaging": "Paquet-6",
                    "thumbnail": "https://prod-mercadona.imgix.net/20190521/72/64172/vlc1/64172_00_01.jpg?fit=crop&h=206&w=206",
                    "display_name": "Granissat d'orxata Hacendado",
                    "bunch_selector": false,
                    "price_instructions": {
                        "iva": 10,
                        "is_new": false,
                        "is_pack": true,
                        "pack_size": 0.2,
                        "unit_name": "u.",
                        "unit_size": 1.2,
                        "bulk_price": "1.92",
                        "unit_price": "2.30",
                        "approx_size": false,
                        "size_format": "l",
                        "total_units": 6,
                        "unit_selector": true,
                        "bunch_selector": false,
                        "drained_weight": null,
                        "price_decreased": false,
                        "reference_price": "1.92",
                        "min_bunch_amount": 1.0,
                        "reference_format": "L",
                        "increment_bunch_amount": 1.0
                    }
                },
                {
                    "id": "64230",
                    "limit": 1000,
                    "badges": {
                        "is_water": false,
                        "requires_age_check": false
                    },
                    "packaging": "Capsa",
                    "thumbnail": "https://prod-mercadona.imgix.net/20190521/30/64230/vlc1/64230_00_02.jpg?fit=crop&h=206&w=206",
                    "display_name": "Gelat crocan xoc vainilla Hacendado amb llengua gust xocolata",
                    "bunch_selector": false,
                    "price_instructions": {
                        "iva": 10,
                        "is_new": false,
                        "is_pack": false,
                        "pack_size": null,
                        "unit_name": "u.",
                        "unit_size": 0.45,
                        "bulk_price": "4.44",
                        "unit_price": "2.00",
                        "approx_size": false,
                        "size_format": "l",
                        "total_units": 6,
                        "unit_selector": true,
                        "bunch_selector": false,
                        "drained_weight": null,
                        "price_decreased": false,
                        "reference_price": "4.44",
                        "min_bunch_amount": 1.0,
                        "reference_format": "L",
                        "increment_bunch_amount": 1.0
                    }
                },
                {
                    "id": "64419",
                    "limit": 1000,
                    "badges": {
                        "is_water": false,
                        "requires_age_check": false
                    },
                    "packaging": "Capsa",
                    "thumbnail": "https://prod-mercadona.imgix.net/20190521/19/64419/vlc1/64419_00_02.jpg?fit=crop&h=206&w=206",
                    "display_name": "Gelat de maduixa Hacendado",
                    "bunch_selector": false,
                    "price_instructions": {
                        "iva": 10,
                        "is_new": false,
                        "is_pack": false,
                        "pack_size": null,
                        "unit_name": "u.",
                        "unit_size": 0.75,
                        "bulk_price": "2.20",
                        "unit_price": "1.65",
                        "approx_size": false,
                        "size_format": "l",
                        "total_units": 10,
                        "unit_selector": true,
                        "bunch_selector": false,
                        "drained_weight": null,
                        "price_decreased": false,
                        "reference_price": "2.20",
                        "min_bunch_amount": 1.0,
                        "reference_format": "L",
                        "increment_bunch_amount": 1.0
                    }
                },
                {
                    "id": "64473",
                    "limit": 1000,
                    "badges": {
                        "is_water": false,
                        "requires_age_check": false
                    },
                    "packaging": "Paquet",
                    "thumbnail": "https://prod-mercadona.imgix.net/20190521/73/64473/vlc1/64473_00_02.jpg?fit=crop&h=206&w=206",
                    "display_name": "Gelat yogoice Mr. Toddy",
                    "bunch_selector": false,
                    "price_instructions": {
                        "iva": 10,
                        "is_new": false,
                        "is_pack": false,
                        "pack_size": null,
                        "unit_name": null,
                        "unit_size": 0.45,
                        "bulk_price": "3.78",
                        "unit_price": "1.70",
                        "approx_size": false,
                        "size_format": "l",
                        "total_units": null,
                        "unit_selector": true,
                        "bunch_selector": false,
                        "drained_weight": null,
                        "price_decreased": false,
                        "reference_price": "3.78",
                        "min_bunch_amount": 1.0,
                        "reference_format": "L",
                        "increment_bunch_amount": 1.0
                    }
                },
                {
                    "id": "64478",
                    "limit": 1000,
                    "badges": {
                        "is_water": false,
                        "requires_age_check": false
                    },
                    "packaging": "Capsa",
                    "thumbnail": "https://prod-mercadona.imgix.net/20190521/78/64478/vlc1/64478_00_02.jpg?fit=crop&h=206&w=206",
                    "display_name": "Gelat llima llimona Hacendado",
                    "bunch_selector": false,
                    "price_instructions": {
                        "iva": 10,
                        "is_new": false,
                        "is_pack": false,
                        "pack_size": null,
                        "unit_name": "u.",
                        "unit_size": 0.69,
                        "bulk_price": "2.71",
                        "unit_price": "1.87",
                        "approx_size": false,
                        "size_format": "l",
                        "total_units": 6,
                        "unit_selector": true,
                        "bunch_selector": false,
                        "drained_weight": null,
                        "price_decreased": false,
                        "reference_price": "2.71",
                        "min_bunch_amount": 1.0,
                        "reference_format": "L",
                        "increment_bunch_amount": 1.0
                    }
                },
                {
                    "id": "64479",
                    "limit": 1000,
                    "badges": {
                        "is_water": false,
                        "requires_age_check": false
                    },
                    "packaging": "Capsa",
                    "thumbnail": "https://prod-mercadona.imgix.net/20190521/79/64479/vlc1/64479_00_02.jpg?fit=crop&h=206&w=206",
                    "display_name": "Gelat maduixa Hacendado",
                    "bunch_selector": false,
                    "price_instructions": {
                        "iva": 10,
                        "is_new": false,
                        "is_pack": false,
                        "pack_size": null,
                        "unit_name": "u.",
                        "unit_size": 0.69,
                        "bulk_price": "2.71",
                        "unit_price": "1.87",
                        "approx_size": false,
                        "size_format": "l",
                        "total_units": 6,
                        "unit_selector": true,
                        "bunch_selector": false,
                        "drained_weight": null,
                        "price_decreased": false,
                        "reference_price": "2.71",
                        "min_bunch_amount": 1.0,
                        "reference_format": "L",
                        "increment_bunch_amount": 1.0
                    }
                },
                {
                    "id": "64509",
                    "limit": 1000,
                    "badges": {
                        "is_water": false,
                        "requires_age_check": false
                    },
                    "packaging": "Terrina",
                    "thumbnail": "https://prod-mercadona.imgix.net/20190521/09/64509/vlc1/64509_00_01.jpg?fit=crop&h=206&w=206",
                    "display_name": "Sorbet amb llimona Hacendado",
                    "bunch_selector": false,
                    "price_instructions": {
                        "iva": 10,
                        "is_new": false,
                        "is_pack": false,
                        "pack_size": null,
                        "unit_name": null,
                        "unit_size": 1.0,
                        "bulk_price": "1.85",
                        "unit_price": "1.85",
                        "approx_size": false,
                        "size_format": "l",
                        "total_units": null,
                        "unit_selector": true,
                        "bunch_selector": false,
                        "drained_weight": null,
                        "price_decreased": false,
                        "reference_price": "1.85",
                        "min_bunch_amount": 1.0,
                        "reference_format": "L",
                        "increment_bunch_amount": 1.0
                    }
                },
                {
                    "id": "64483",
                    "limit": 1000,
                    "badges": {
                        "is_water": false,
                        "requires_age_check": false
                    },
                    "packaging": "Terrina",
                    "thumbnail": "https://prod-mercadona.imgix.net/20190521/83/64483/vlc1/64483_00_01.jpg?fit=crop&h=206&w=206",
                    "display_name": "Gelat de nata i galeta Hacendado",
                    "bunch_selector": false,
                    "price_instructions": {
                        "iva": 10,
                        "is_new": false,
                        "is_pack": false,
                        "pack_size": null,
                        "unit_name": "racions",
                        "unit_size": 1.0,
                        "bulk_price": "2.45",
                        "unit_price": "2.45",
                        "approx_size": false,
                        "size_format": "l",
                        "total_units": 10,
                        "unit_selector": true,
                        "bunch_selector": false,
                        "drained_weight": null,
                        "price_decreased": false,
                        "reference_price": "2.45",
                        "min_bunch_amount": 1.0,
                        "reference_format": "L",
                        "increment_bunch_amount": 1.0
                    }
                },
                {
                    "id": "64518",
                    "limit": 1000,
                    "badges": {
                        "is_water": false,
                        "requires_age_check": false
                    },
                    "packaging": "Terrina",
                    "thumbnail": "https://prod-mercadona.imgix.net/20190521/18/64518/vlc1/64518_00_01.jpg?fit=crop&h=206&w=206",
                    "display_name": "Gelat de vainilla Hacendado",
                    "bunch_selector": false,
                    "price_instructions": {
                        "iva": 10,
                        "is_new": false,
                        "is_pack": false,
                        "pack_size": null,
                        "unit_name": "racions",
                        "unit_size": 1.0,
                        "bulk_price": "1.35",
                        "unit_price": "1.35",
                        "approx_size": false,
                        "size_format": "l",
                        "total_units": null,
                        "unit_selector": true,
                        "bunch_selector": false,
                        "drained_weight": null,
                        "price_decreased": false,
                        "reference_price": "1.35",
                        "min_bunch_amount": 1.0,
                        "reference_format": "L",
                        "increment_bunch_amount": 1.0
                    }
                },
                {
                    "id": "64705",
                    "limit": 1000,
                    "badges": {
                        "is_water": false,
                        "requires_age_check": false
                    },
                    "packaging": "Paquet-6",
                    "thumbnail": "https://prod-mercadona.imgix.net/20190521/05/64705/vlc1/64705_00_01.jpg?fit=crop&h=206&w=206",
                    "display_name": "Granissat de llimona Hacendado",
                    "bunch_selector": false,
                    "price_instructions": {
                        "iva": 10,
                        "is_new": false,
                        "is_pack": true,
                        "pack_size": 0.2,
                        "unit_name": "u.",
                        "unit_size": 1.2,
                        "bulk_price": "1.54",
                        "unit_price": "1.85",
                        "approx_size": false,
                        "size_format": "l",
                        "total_units": 6,
                        "unit_selector": true,
                        "bunch_selector": false,
                        "drained_weight": null,
                        "price_decreased": false,
                        "reference_price": "1.54",
                        "min_bunch_amount": 1.0,
                        "reference_format": "L",
                        "increment_bunch_amount": 1.0
                    }
                },
                {
                    "id": "64113",
                    "limit": 1000,
                    "badges": {
                        "is_water": false,
                        "requires_age_check": false
                    },
                    "packaging": "Terrina",
                    "thumbnail": "https://prod-mercadona.imgix.net/20190521/13/64113/vlc1/64113_00_01.jpg?fit=crop&h=206&w=206",
                    "display_name": "Gelat tutti frutti Hacendado",
                    "bunch_selector": false,
                    "price_instructions": {
                        "iva": 10,
                        "is_new": false,
                        "is_pack": false,
                        "pack_size": null,
                        "unit_name": "racions",
                        "unit_size": 1.0,
                        "bulk_price": "2.15",
                        "unit_price": "2.15",
                        "approx_size": false,
                        "size_format": "l",
                        "total_units": 10,
                        "unit_selector": true,
                        "bunch_selector": false,
                        "drained_weight": null,
                        "price_decreased": false,
                        "reference_price": "2.15",
                        "min_bunch_amount": 1.0,
                        "reference_format": "L",
                        "increment_bunch_amount": 1.0
                    }
                },
                {
                    "id": "64455",
                    "limit": 1000,
                    "badges": {
                        "is_water": false,
                        "requires_age_check": false
                    },
                    "packaging": "Capsa",
                    "thumbnail": "https://prod-mercadona.imgix.net/20190521/55/64455/vlc1/64455_00_02.jpg?fit=crop&h=206&w=206",
                    "display_name": "Pastís gelat amb caramel",
                    "bunch_selector": false,
                    "price_instructions": {
                        "iva": 10,
                        "is_new": false,
                        "is_pack": false,
                        "pack_size": null,
                        "unit_name": "racions",
                        "unit_size": 1.0,
                        "bulk_price": "4.50",
                        "unit_price": "4.50",
                        "approx_size": false,
                        "size_format": "l",
                        "total_units": 10,
                        "unit_selector": true,
                        "bunch_selector": false,
                        "drained_weight": null,
                        "price_decreased": false,
                        "reference_price": "4.50",
                        "min_bunch_amount": 1.0,
                        "reference_format": "L",
                        "increment_bunch_amount": 1.0
                    }
                },
                {
                    "id": "64260",
                    "limit": 1000,
                    "badges": {
                        "is_water": false,
                        "requires_age_check": false
                    },
                    "packaging": "Terrina",
                    "thumbnail": "https://prod-mercadona.imgix.net/20190521/60/64260/vlc1/64260_00_01.jpg?fit=crop&h=206&w=206",
                    "display_name": "Gelat vegetal d'avena gust vainilla",
                    "bunch_selector": false,
                    "price_instructions": {
                        "iva": 10,
                        "is_new": false,
                        "is_pack": false,
                        "pack_size": null,
                        "unit_name": "racions",
                        "unit_size": 1.0,
                        "bulk_price": "3.95",
                        "unit_price": "3.95",
                        "approx_size": false,
                        "size_format": "l",
                        "total_units": 10,
                        "unit_selector": true,
                        "bunch_selector": false,
                        "drained_weight": null,
                        "price_decreased": false,
                        "reference_price": "3.95",
                        "min_bunch_amount": 0.0,
                        "reference_format": "L",
                        "increment_bunch_amount": 0.0
                    }
                },
                {
                    "id": "64514",
                    "limit": 1000,
                    "badges": {
                        "is_water": false,
                        "requires_age_check": false
                    },
                    "packaging": "Paquet",
                    "thumbnail": "https://prod-mercadona.imgix.net/20190521/14/64514/vlc1/64514_00_02.jpg?fit=crop&h=206&w=206",
                    "display_name": "Flash popitos Hacendado",
                    "bunch_selector": false,
                    "price_instructions": {
                        "iva": 10,
                        "is_new": false,
                        "is_pack": false,
                        "pack_size": null,
                        "unit_name": "u.",
                        "unit_size": 1.0,
                        "bulk_price": "1.00",
                        "unit_price": "1.00",
                        "approx_size": false,
                        "size_format": "l",
                        "total_units": 15,
                        "unit_selector": true,
                        "bunch_selector": false,
                        "drained_weight": null,
                        "price_decreased": false,
                        "reference_price": "1.00",
                        "min_bunch_amount": 1.0,
                        "reference_format": "L",
                        "increment_bunch_amount": 1.0
                    }
                },
                {
                    "id": "64520",
                    "limit": 1000,
                    "badges": {
                        "is_water": false,
                        "requires_age_check": false
                    },
                    "packaging": "Capsa",
                    "thumbnail": "https://prod-mercadona.imgix.net/20190521/20/64520/vlc1/64520_00_02.jpg?fit=crop&h=206&w=206",
                    "display_name": "Gelat mini sandvitx vainilla i cookie Hacendado",
                    "bunch_selector": false,
                    "price_instructions": {
                        "iva": 10,
                        "is_new": false,
                        "is_pack": false,
                        "pack_size": 0.085,
                        "unit_name": "u.",
                        "unit_size": 0.51,
                        "bulk_price": "4.90",
                        "unit_price": "2.50",
                        "approx_size": false,
                        "size_format": "l",
                        "total_units": 6,
                        "unit_selector": true,
                        "bunch_selector": false,
                        "drained_weight": null,
                        "price_decreased": false,
                        "reference_price": "4.90",
                        "min_bunch_amount": 1.0,
                        "reference_format": "L",
                        "increment_bunch_amount": 1.0
                    }
                },
                {
                    "id": "64519",
                    "limit": 1000,
                    "badges": {
                        "is_water": false,
                        "requires_age_check": false
                    },
                    "packaging": "Capsa",
                    "thumbnail": "https://prod-mercadona.imgix.net/20190521/19/64519/vlc1/64519_00_02.jpg?fit=crop&h=206&w=206",
                    "display_name": "Gelat galetes mini cacau Hacendado",
                    "bunch_selector": false,
                    "price_instructions": {
                        "iva": 10,
                        "is_new": false,
                        "is_pack": false,
                        "pack_size": null,
                        "unit_name": "u.",
                        "unit_size": 0.48,
                        "bulk_price": "4.90",
                        "unit_price": "2.35",
                        "approx_size": false,
                        "size_format": "l",
                        "total_units": 8,
                        "unit_selector": true,
                        "bunch_selector": false,
                        "drained_weight": null,
                        "price_decreased": false,
                        "reference_price": "4.90",
                        "min_bunch_amount": 1.0,
                        "reference_format": "L",
                        "increment_bunch_amount": 1.0
                    }
                },
                {
                    "id": "64233",
                    "limit": 1000,
                    "badges": {
                        "is_water": false,
                        "requires_age_check": false
                    },
                    "packaging": "Capsa",
                    "thumbnail": "https://prod-mercadona.imgix.net/20190521/33/64233/vlc1/64233_00_02.jpg?fit=crop&h=206&w=206",
                    "display_name": "Gelat mini bombó menta Hacendado",
                    "bunch_selector": false,
                    "price_instructions": {
                        "iva": 10,
                        "is_new": false,
                        "is_pack": false,
                        "pack_size": null,
                        "unit_name": "u.",
                        "unit_size": 0.48,
                        "bulk_price": "4.90",
                        "unit_price": "2.35",
                        "approx_size": false,
                        "size_format": "l",
                        "total_units": 8,
                        "unit_selector": true,
                        "bunch_selector": false,
                        "drained_weight": null,
                        "price_decreased": false,
                        "reference_price": "4.90",
                        "min_bunch_amount": 1.0,
                        "reference_format": "L",
                        "increment_bunch_amount": 1.0
                    }
                },
                {
                    "id": "64508",
                    "limit": 1000,
                    "badges": {
                        "is_water": false,
                        "requires_age_check": false
                    },
                    "packaging": "Terrina",
                    "thumbnail": "https://prod-mercadona.imgix.net/20190521/08/64508/vlc1/64508_00_01.jpg?fit=crop&h=206&w=206",
                    "display_name": "Gelat polvito Hacendado gust de galeta i merenga",
                    "bunch_selector": false,
                    "price_instructions": {
                        "iva": 10,
                        "is_new": false,
                        "is_pack": false,
                        "pack_size": null,
                        "unit_name": null,
                        "unit_size": 1.0,
                        "bulk_price": "2.55",
                        "unit_price": "2.55",
                        "approx_size": false,
                        "size_format": "l",
                        "total_units": null,
                        "unit_selector": true,
                        "bunch_selector": false,
                        "drained_weight": null,
                        "price_decreased": false,
                        "reference_price": "2.55",
                        "min_bunch_amount": 1.0,
                        "reference_format": "L",
                        "increment_bunch_amount": 1.0
                    }
                },
                {
                    "id": "64459",
                    "limit": 1000,
                    "badges": {
                        "is_water": false,
                        "requires_age_check": false
                    },
                    "packaging": "Terrina",
                    "thumbnail": "https://prod-mercadona.imgix.net/20190521/59/64459/vlc1/64459_00_01.jpg?fit=crop&h=206&w=206",
                    "display_name": "Gelat 3 gustos Hacendado xocolata, vainilla i maduixa",
                    "bunch_selector": false,
                    "price_instructions": {
                        "iva": 10,
                        "is_new": false,
                        "is_pack": false,
                        "pack_size": null,
                        "unit_name": null,
                        "unit_size": 1.0,
                        "bulk_price": "1.35",
                        "unit_price": "1.35",
                        "approx_size": false,
                        "size_format": "l",
                        "total_units": null,
                        "unit_selector": true,
                        "bunch_selector": false,
                        "drained_weight": null,
                        "price_decreased": false,
                        "reference_price": "1.35",
                        "min_bunch_amount": 1.0,
                        "reference_format": "L",
                        "increment_bunch_amount": 1.0
                    }
                },
                {
                    "id": "10198",
                    "limit": 1000,
                    "badges": {
                        "is_water": false,
                        "requires_age_check": false
                    },
                    "packaging": "Pot",
                    "thumbnail": "https://prod-mercadona.imgix.net/20190521/98/10198/vlc1/10198_00_02.jpg?fit=crop&h=206&w=206",
                    "display_name": "Nata muntada Hacendado",
                    "bunch_selector": false,
                    "price_instructions": {
                        "iva": 10,
                        "is_new": false,
                        "is_pack": false,
                        "pack_size": null,
                        "unit_name": "racions",
                        "unit_size": 0.5,
                        "bulk_price": "2.58",
                        "unit_price": "1.29",
                        "approx_size": false,
                        "size_format": "l",
                        "total_units": 5,
                        "unit_selector": true,
                        "bunch_selector": false,
                        "drained_weight": null,
                        "price_decreased": false,
                        "reference_price": "2.58",
                        "min_bunch_amount": 1.0,
                        "reference_format": "L",
                        "increment_bunch_amount": 1.0
                    }
                }
            ],
            "is_extended": false
        },
        {
            "id": 155,
            "name": "Gel",
            "layout": 1,
            "products": [
                {
                    "id": "64139",
                    "limit": 1000,
                    "badges": {
                        "is_water": false,
                        "requires_age_check": false
                    },
                    "packaging": "Paquet",
                    "thumbnail": "https://prod-mercadona.imgix.net/20190521/39/64139/vlc1/64139_00_02.jpg?fit=crop&h=206&w=206",
                    "display_name": "Glaçons còctel Cubiplaya",
                    "bunch_selector": false,
                    "price_instructions": {
                        "iva": 10,
                        "is_new": false,
                        "is_pack": false,
                        "pack_size": null,
                        "unit_name": null,
                        "unit_size": 2.0,
                        "bulk_price": "0.48",
                        "unit_price": "0.95",
                        "approx_size": false,
                        "size_format": "kg",
                        "total_units": null,
                        "unit_selector": true,
                        "bunch_selector": false,
                        "drained_weight": null,
                        "price_decreased": false,
                        "reference_price": "0.48",
                        "min_bunch_amount": 1.0,
                        "reference_format": "kg",
                        "increment_bunch_amount": 1.0
                    }
                },
                {
                    "id": "64266",
                    "limit": 1000,
                    "badges": {
                        "is_water": false,
                        "requires_age_check": false
                    },
                    "packaging": "Paquet-10",
                    "thumbnail": "https://prod-mercadona.imgix.net/20190521/66/64266/vlc1/64266_00_01.jpg?fit=crop&h=206&w=206",
                    "display_name": "Glaçons de hielo Cubiplaya",
                    "bunch_selector": false,
                    "price_instructions": {
                        "iva": 10,
                        "is_new": false,
                        "is_pack": true,
                        "pack_size": 2.0,
                        "unit_name": "paquets",
                        "unit_size": 10.0,
                        "bulk_price": "0.32",
                        "unit_price": "3.25",
                        "approx_size": false,
                        "size_format": "kg",
                        "total_units": 5,
                        "unit_selector": true,
                        "bunch_selector": false,
                        "drained_weight": null,
                        "price_decreased": false,
                        "reference_price": "0.32",
                        "min_bunch_amount": 1.0,
                        "reference_format": "kg",
                        "increment_bunch_amount": 1.0
                    }
                },
                {
                    "id": "64265",
                    "limit": 1000,
                    "badges": {
                        "is_water": false,
                        "requires_age_check": false
                    },
                    "packaging": "Paquet",
                    "thumbnail": "https://prod-mercadona.imgix.net/20190521/65/64265/vlc1/64265_00_02.jpg?fit=crop&h=206&w=206",
                    "display_name": "Glaçons de hielo Cubiplaya",
                    "bunch_selector": false,
                    "price_instructions": {
                        "iva": 10,
                        "is_new": false,
                        "is_pack": false,
                        "pack_size": null,
                        "unit_name": null,
                        "unit_size": 2.0,
                        "bulk_price": "0.34",
                        "unit_price": "0.69",
                        "approx_size": false,
                        "size_format": "kg",
                        "total_units": null,
                        "unit_selector": true,
                        "bunch_selector": false,
                        "drained_weight": null,
                        "price_decreased": false,
                        "reference_price": "0.34",
                        "min_bunch_amount": 1.0,
                        "reference_format": "kg",
                        "increment_bunch_amount": 1.0
                    }
                }
            ],
            "is_extended": false
        },
        {
            "id": 150,
            "name": "Marisc",
            "layout": 1,
            "products": [
                {
                    "id": "24393",
                    "limit": 1000,
                    "badges": {
                        "is_water": false,
                        "requires_age_check": false
                    },
                    "packaging": "Safata",
                    "thumbnail": "https://prod-mercadona.imgix.net/20190521/93/24393/vlc1/24393_00_02.jpg?fit=crop&h=206&w=206",
                    "display_name": "Escamarlà gran Hacendado ultracongelat",
                    "bunch_selector": false,
                    "price_instructions": {
                        "iva": 10,
                        "is_new": false,
                        "is_pack": false,
                        "pack_size": null,
                        "unit_name": null,
                        "unit_size": 0.7,
                        "bulk_price": "23.93",
                        "unit_price": "16.75",
                        "approx_size": false,
                        "size_format": "kg",
                        "total_units": null,
                        "unit_selector": true,
                        "bunch_selector": false,
                        "drained_weight": null,
                        "price_decreased": false,
                        "reference_price": "23.93",
                        "min_bunch_amount": 1.0,
                        "reference_format": "kg",
                        "increment_bunch_amount": 1.0
                    }
                },
                {
                    "id": "24201",
                    "limit": 1000,
                    "badges": {
                        "is_water": false,
                        "requires_age_check": false
                    },
                    "packaging": "Safata",
                    "thumbnail": "https://prod-mercadona.imgix.net/20190521/01/24201/vlc1/24201_00_00.jpg?fit=crop&h=206&w=206",
                    "display_name": "Cua de gamba pelada Dimarosa ultracongelada",
                    "bunch_selector": false,
                    "price_instructions": {
                        "iva": 10,
                        "is_new": false,
                        "is_pack": false,
                        "pack_size": null,
                        "unit_name": null,
                        "unit_size": 0.25,
                        "bulk_price": "22.00",
                        "unit_price": "5.50",
                        "approx_size": false,
                        "size_format": "kg",
                        "total_units": null,
                        "unit_selector": true,
                        "bunch_selector": false,
                        "drained_weight": null,
                        "price_decreased": false,
                        "reference_price": "22.00",
                        "min_bunch_amount": 1.0,
                        "reference_format": "kg",
                        "increment_bunch_amount": 1.0
                    }
                },
                {
                    "id": "24142",
                    "limit": 1000,
                    "badges": {
                        "is_water": false,
                        "requires_age_check": false
                    },
                    "packaging": "Granel",
                    "thumbnail": "https://prod-mercadona.imgix.net/20190521/42/24142/vlc1/24142_00_00.jpg?fit=crop&h=206&w=206",
                    "display_name": "Llagostí cuit ultracongelat",
                    "bunch_selector": true,
                    "price_instructions": {
                        "iva": 10,
                        "is_new": false,
                        "is_pack": false,
                        "pack_size": null,
                        "unit_name": null,
                        "unit_size": null,
                        "bulk_price": "9.95",
                        "unit_price": "985.05",
                        "approx_size": true,
                        "size_format": "kg",
                        "total_units": null,
                        "unit_selector": false,
                        "bunch_selector": true,
                        "drained_weight": null,
                        "price_decreased": false,
                        "reference_price": "9.95",
                        "min_bunch_amount": 0.15,
                        "reference_format": "kg",
                        "increment_bunch_amount": 0.15
                    }
                },
                {
                    "id": "24135",
                    "limit": 1000,
                    "badges": {
                        "is_water": false,
                        "requires_age_check": false
                    },
                    "packaging": "Granel",
                    "thumbnail": "https://prod-mercadona.imgix.net/20190521/35/24135/vlc1/24135_00_10.jpg?fit=crop&h=206&w=206",
                    "display_name": "Llagostí cru ultracongelat",
                    "bunch_selector": true,
                    "price_instructions": {
                        "iva": 10,
                        "is_new": false,
                        "is_pack": false,
                        "pack_size": null,
                        "unit_name": null,
                        "unit_size": null,
                        "bulk_price": "9.50",
                        "unit_price": "940.50",
                        "approx_size": true,
                        "size_format": "kg",
                        "total_units": null,
                        "unit_selector": false,
                        "bunch_selector": true,
                        "drained_weight": null,
                        "price_decreased": false,
                        "reference_price": "9.50",
                        "min_bunch_amount": 0.15,
                        "reference_format": "kg",
                        "increment_bunch_amount": 0.15
                    }
                },
                {
                    "id": "62487",
                    "limit": 1000,
                    "badges": {
                        "is_water": false,
                        "requires_age_check": false
                    },
                    "packaging": "Paquet",
                    "thumbnail": "https://prod-mercadona.imgix.net/20190521/87/62487/vlc1/62487_00_02.jpg?fit=crop&h=206&w=206",
                    "display_name": "Cloïssa del Pacífic sencera Dani ultracongelada",
                    "bunch_selector": false,
                    "price_instructions": {
                        "iva": 10,
                        "is_new": false,
                        "is_pack": false,
                        "pack_size": null,
                        "unit_name": null,
                        "unit_size": 0.6,
                        "bulk_price": "3.92",
                        "unit_price": "2.35",
                        "approx_size": false,
                        "size_format": "kg",
                        "total_units": null,
                        "unit_selector": true,
                        "bunch_selector": false,
                        "drained_weight": null,
                        "price_decreased": false,
                        "reference_price": "3.92",
                        "min_bunch_amount": 1.0,
                        "reference_format": "kg",
                        "increment_bunch_amount": 1.0
                    }
                },
                {
                    "id": "24181",
                    "limit": 1000,
                    "badges": {
                        "is_water": false,
                        "requires_age_check": false
                    },
                    "packaging": "Paquet",
                    "thumbnail": "https://prod-mercadona.imgix.net/20190521/81/24181/vlc1/24181_00_02.jpg?fit=crop&h=206&w=206",
                    "display_name": "Gamba pelada crua mida mitjana Hacendado ultracongelada",
                    "bunch_selector": false,
                    "price_instructions": {
                        "iva": 10,
                        "is_new": false,
                        "is_pack": false,
                        "pack_size": null,
                        "unit_name": null,
                        "unit_size": null,
                        "bulk_price": "12.50",
                        "unit_price": "4.50",
                        "approx_size": false,
                        "size_format": "kg",
                        "total_units": null,
                        "unit_selector": true,
                        "bunch_selector": false,
                        "drained_weight": 0.36,
                        "price_decreased": false,
                        "reference_price": "12.50",
                        "min_bunch_amount": 1.0,
                        "reference_format": "kg",
                        "increment_bunch_amount": 1.0
                    }
                },
                {
                    "id": "62028",
                    "limit": 1000,
                    "badges": {
                        "is_water": false,
                        "requires_age_check": false
                    },
                    "packaging": "Paquet",
                    "thumbnail": "https://prod-mercadona.imgix.net/20190521/28/62028/vlc1/62028_00_07.jpg?fit=crop&h=206&w=206",
                    "display_name": "Llagostí amb niu Vdfoodltd congelat",
                    "bunch_selector": false,
                    "price_instructions": {
                        "iva": 10,
                        "is_new": false,
                        "is_pack": false,
                        "pack_size": null,
                        "unit_name": null,
                        "unit_size": 0.3,
                        "bulk_price": "15.00",
                        "unit_price": "4.50",
                        "approx_size": false,
                        "size_format": "kg",
                        "total_units": null,
                        "unit_selector": true,
                        "bunch_selector": false,
                        "drained_weight": null,
                        "price_decreased": false,
                        "reference_price": "15.00",
                        "min_bunch_amount": 1.0,
                        "reference_format": "kg",
                        "increment_bunch_amount": 1.0
                    }
                },
                {
                    "id": "62478",
                    "limit": 1000,
                    "badges": {
                        "is_water": false,
                        "requires_age_check": false
                    },
                    "packaging": "Paquet",
                    "thumbnail": "https://prod-mercadona.imgix.net/20190521/78/62478/vlc1/62478_00_02.jpg?fit=crop&h=206&w=206",
                    "display_name": "Cuixetes de surimi Pescanova ultracongelades",
                    "bunch_selector": false,
                    "price_instructions": {
                        "iva": 10,
                        "is_new": false,
                        "is_pack": false,
                        "pack_size": null,
                        "unit_name": null,
                        "unit_size": 0.45,
                        "bulk_price": "4.78",
                        "unit_price": "2.15",
                        "approx_size": false,
                        "size_format": "kg",
                        "total_units": null,
                        "unit_selector": true,
                        "bunch_selector": false,
                        "drained_weight": null,
                        "price_decreased": false,
                        "reference_price": "4.78",
                        "min_bunch_amount": 1.0,
                        "reference_format": "kg",
                        "increment_bunch_amount": 1.0
                    }
                },
                {
                    "id": "24120",
                    "limit": 1000,
                    "badges": {
                        "is_water": false,
                        "requires_age_check": false
                    },
                    "packaging": "Capsa",
                    "thumbnail": "https://prod-mercadona.imgix.net/20190521/20/24120/vlc1/24120_00_02.jpg?fit=crop&h=206&w=206",
                    "display_name": "Nècora cuita Errigal Bay congelada",
                    "bunch_selector": false,
                    "price_instructions": {
                        "iva": 10,
                        "is_new": false,
                        "is_pack": false,
                        "pack_size": null,
                        "unit_name": null,
                        "unit_size": 0.5,
                        "bulk_price": "11.90",
                        "unit_price": "5.95",
                        "approx_size": false,
                        "size_format": "kg",
                        "total_units": null,
                        "unit_selector": true,
                        "bunch_selector": false,
                        "drained_weight": null,
                        "price_decreased": false,
                        "reference_price": "11.90",
                        "min_bunch_amount": 1.0,
                        "reference_format": "kg",
                        "increment_bunch_amount": 1.0
                    }
                },
                {
                    "id": "24230",
                    "limit": 1000,
                    "badges": {
                        "is_water": false,
                        "requires_age_check": false
                    },
                    "packaging": "Paquet",
                    "thumbnail": "https://prod-mercadona.imgix.net/20190521/30/24230/vlc1/24230_00_02.jpg?fit=crop&h=206&w=206",
                    "display_name": "Gamba pelada crua mida gran Hacendado ultracongelada",
                    "bunch_selector": false,
                    "price_instructions": {
                        "iva": 10,
                        "is_new": false,
                        "is_pack": false,
                        "pack_size": null,
                        "unit_name": null,
                        "unit_size": null,
                        "bulk_price": "16.53",
                        "unit_price": "5.95",
                        "approx_size": false,
                        "size_format": "kg",
                        "total_units": null,
                        "unit_selector": true,
                        "bunch_selector": false,
                        "drained_weight": 0.36,
                        "price_decreased": false,
                        "reference_price": "16.53",
                        "min_bunch_amount": 1.0,
                        "reference_format": "kg",
                        "increment_bunch_amount": 1.0
                    }
                },
                {
                    "id": "24277",
                    "limit": 1000,
                    "badges": {
                        "is_water": false,
                        "requires_age_check": false
                    },
                    "packaging": "Paquet",
                    "thumbnail": "https://prod-mercadona.imgix.net/20190521/77/24277/vlc1/24277_00_02.jpg?fit=crop&h=206&w=206",
                    "display_name": "Llagostí cuit i pelat Pescanova ultracongelat",
                    "bunch_selector": false,
                    "price_instructions": {
                        "iva": 10,
                        "is_new": false,
                        "is_pack": false,
                        "pack_size": null,
                        "unit_name": null,
                        "unit_size": null,
                        "bulk_price": "18.25",
                        "unit_price": "3.65",
                        "approx_size": false,
                        "size_format": "kg",
                        "total_units": null,
                        "unit_selector": true,
                        "bunch_selector": false,
                        "drained_weight": 0.2,
                        "price_decreased": false,
                        "reference_price": "18.25",
                        "min_bunch_amount": 1.0,
                        "reference_format": "kg",
                        "increment_bunch_amount": 1.0
                    }
                },
                {
                    "id": "24286",
                    "limit": 1000,
                    "badges": {
                        "is_water": false,
                        "requires_age_check": false
                    },
                    "packaging": "Paquet",
                    "thumbnail": "https://prod-mercadona.imgix.net/20190521/86/24286/vlc1/24286_00_02.jpg?fit=crop&h=206&w=206",
                    "display_name": "Llagostí cru i pelat Pescanova ultracongelat",
                    "bunch_selector": false,
                    "price_instructions": {
                        "iva": 10,
                        "is_new": false,
                        "is_pack": false,
                        "pack_size": null,
                        "unit_name": null,
                        "unit_size": null,
                        "bulk_price": "16.25",
                        "unit_price": "3.25",
                        "approx_size": false,
                        "size_format": "kg",
                        "total_units": null,
                        "unit_selector": true,
                        "bunch_selector": false,
                        "drained_weight": 0.2,
                        "price_decreased": false,
                        "reference_price": "16.25",
                        "min_bunch_amount": 1.0,
                        "reference_format": "kg",
                        "increment_bunch_amount": 1.0
                    }
                },
                {
                    "id": "24267",
                    "limit": 1000,
                    "badges": {
                        "is_water": false,
                        "requires_age_check": false
                    },
                    "packaging": "Paquet",
                    "thumbnail": "https://prod-mercadona.imgix.net/20190521/67/24267/vlc1/24267_00_02.jpg?fit=crop&h=206&w=206",
                    "display_name": "Gamba boreal cuita i pelada Royal Greenland ultracongelada",
                    "bunch_selector": false,
                    "price_instructions": {
                        "iva": 10,
                        "is_new": false,
                        "is_pack": false,
                        "pack_size": null,
                        "unit_name": null,
                        "unit_size": null,
                        "bulk_price": "21.25",
                        "unit_price": "4.25",
                        "approx_size": false,
                        "size_format": "kg",
                        "total_units": null,
                        "unit_selector": true,
                        "bunch_selector": false,
                        "drained_weight": 0.2,
                        "price_decreased": false,
                        "reference_price": "21.25",
                        "min_bunch_amount": 1.0,
                        "reference_format": "kg",
                        "increment_bunch_amount": 1.0
                    }
                },
                {
                    "id": "24145",
                    "limit": 1000,
                    "badges": {
                        "is_water": false,
                        "requires_age_check": false
                    },
                    "packaging": "Capsa",
                    "thumbnail": "https://prod-mercadona.imgix.net/20190521/45/24145/vlc1/24145_00_02.jpg?fit=crop&h=206&w=206",
                    "display_name": "Llagostí cru Pescanova ultracongelat",
                    "bunch_selector": false,
                    "price_instructions": {
                        "iva": 10,
                        "is_new": false,
                        "is_pack": false,
                        "pack_size": null,
                        "unit_name": null,
                        "unit_size": 1.0,
                        "bulk_price": "9.25",
                        "unit_price": "9.25",
                        "approx_size": false,
                        "size_format": "kg",
                        "total_units": null,
                        "unit_selector": true,
                        "bunch_selector": false,
                        "drained_weight": null,
                        "price_decreased": false,
                        "reference_price": "9.25",
                        "min_bunch_amount": 1.0,
                        "reference_format": "kg",
                        "increment_bunch_amount": 1.0
                    }
                },
                {
                    "id": "62310",
                    "limit": 1000,
                    "badges": {
                        "is_water": false,
                        "requires_age_check": false
                    },
                    "packaging": "Paquet",
                    "thumbnail": "https://prod-mercadona.imgix.net/20190521/10/62310/vlc1/62310_00_02.jpg?fit=crop&h=206&w=206",
                    "display_name": "Cloïssa del Pacífic Dunord congelada",
                    "bunch_selector": false,
                    "price_instructions": {
                        "iva": 10,
                        "is_new": false,
                        "is_pack": false,
                        "pack_size": null,
                        "unit_name": null,
                        "unit_size": 1.0,
                        "bulk_price": "2.95",
                        "unit_price": "2.95",
                        "approx_size": false,
                        "size_format": "kg",
                        "total_units": null,
                        "unit_selector": true,
                        "bunch_selector": false,
                        "drained_weight": null,
                        "price_decreased": false,
                        "reference_price": "2.95",
                        "min_bunch_amount": 1.0,
                        "reference_format": "kg",
                        "increment_bunch_amount": 1.0
                    }
                },
                {
                    "id": "62401",
                    "limit": 1000,
                    "badges": {
                        "is_water": false,
                        "requires_age_check": false
                    },
                    "packaging": "Capsa",
                    "thumbnail": "https://prod-mercadona.imgix.net/20190521/01/62401/vlc1/62401_00_02.jpg?fit=crop&h=206&w=206",
                    "display_name": "Musclo de Xile sencer cuit Mascato ultracongelat",
                    "bunch_selector": false,
                    "price_instructions": {
                        "iva": 10,
                        "is_new": false,
                        "is_pack": false,
                        "pack_size": null,
                        "unit_name": null,
                        "unit_size": 0.45,
                        "bulk_price": "5.78",
                        "unit_price": "2.60",
                        "approx_size": false,
                        "size_format": "kg",
                        "total_units": null,
                        "unit_selector": true,
                        "bunch_selector": false,
                        "drained_weight": null,
                        "price_decreased": false,
                        "reference_price": "5.78",
                        "min_bunch_amount": 1.0,
                        "reference_format": "kg",
                        "increment_bunch_amount": 1.0
                    }
                },
                {
                    "id": "62429",
                    "limit": 1000,
                    "badges": {
                        "is_water": false,
                        "requires_age_check": false
                    },
                    "packaging": "Paquet",
                    "thumbnail": "https://prod-mercadona.imgix.net/20190521/29/62429/vlc1/62429_00_02.jpg?fit=crop&h=206&w=206",
                    "display_name": "Tronquets de surimi Pescanova ultracongelats",
                    "bunch_selector": false,
                    "price_instructions": {
                        "iva": 10,
                        "is_new": false,
                        "is_pack": false,
                        "pack_size": null,
                        "unit_name": "u.",
                        "unit_size": 0.6,
                        "bulk_price": "3.32",
                        "unit_price": "1.99",
                        "approx_size": false,
                        "size_format": "kg",
                        "total_units": 32,
                        "unit_selector": true,
                        "bunch_selector": false,
                        "drained_weight": null,
                        "price_decreased": false,
                        "reference_price": "3.32",
                        "min_bunch_amount": 1.0,
                        "reference_format": "kg",
                        "increment_bunch_amount": 1.0
                    }
                },
                {
                    "id": "24115.1",
                    "limit": 1000,
                    "badges": {
                        "is_water": false,
                        "requires_age_check": false
                    },
                    "packaging": "Granel",
                    "thumbnail": "https://prod-mercadona.imgix.net/20190521/15/24115/vlc1/24115_00_10_1.jpg?fit=crop&h=206&w=206",
                    "display_name": "Gambot congelat",
                    "bunch_selector": true,
                    "price_instructions": {
                        "iva": 10,
                        "is_new": false,
                        "is_pack": false,
                        "pack_size": null,
                        "unit_name": null,
                        "unit_size": null,
                        "bulk_price": "62.95",
                        "unit_price": "6232.05",
                        "approx_size": true,
                        "size_format": "kg",
                        "total_units": null,
                        "unit_selector": false,
                        "bunch_selector": true,
                        "drained_weight": null,
                        "price_decreased": false,
                        "reference_price": "62.95",
                        "min_bunch_amount": 0.2,
                        "reference_format": "kg",
                        "increment_bunch_amount": 0.2
                    }
                },
                {
                    "id": "24100.1",
                    "limit": 1000,
                    "badges": {
                        "is_water": false,
                        "requires_age_check": false
                    },
                    "packaging": "Granel",
                    "thumbnail": "https://prod-mercadona.imgix.net/20190521/00/24100/vlc1/24100_00_10_1.jpg?fit=crop&h=206&w=206",
                    "display_name": "Gamba arrossera congelada",
                    "bunch_selector": true,
                    "price_instructions": {
                        "iva": 10,
                        "is_new": false,
                        "is_pack": false,
                        "pack_size": null,
                        "unit_name": null,
                        "unit_size": null,
                        "bulk_price": "10.95",
                        "unit_price": "1084.05",
                        "approx_size": true,
                        "size_format": "kg",
                        "total_units": null,
                        "unit_selector": false,
                        "bunch_selector": true,
                        "drained_weight": null,
                        "price_decreased": false,
                        "reference_price": "10.95",
                        "min_bunch_amount": 0.15,
                        "reference_format": "kg",
                        "increment_bunch_amount": 0.15
                    }
                },
                {
                    "id": "24100.2",
                    "limit": 1000,
                    "badges": {
                        "is_water": false,
                        "requires_age_check": false
                    },
                    "packaging": "Capsa",
                    "thumbnail": "https://prod-mercadona.imgix.net/20190521/00/24100/vlc1/24100_00_02_2.jpg?fit=crop&h=206&w=206",
                    "display_name": "Gamba arrossera Dimarosa congelada",
                    "bunch_selector": false,
                    "price_instructions": {
                        "iva": 10,
                        "is_new": false,
                        "is_pack": false,
                        "pack_size": null,
                        "unit_name": null,
                        "unit_size": 2.0,
                        "bulk_price": "10.95",
                        "unit_price": "21.90",
                        "approx_size": true,
                        "size_format": "kg",
                        "total_units": null,
                        "unit_selector": true,
                        "bunch_selector": false,
                        "drained_weight": null,
                        "price_decreased": false,
                        "reference_price": "10.95",
                        "min_bunch_amount": 1.0,
                        "reference_format": "kg",
                        "increment_bunch_amount": 1.0
                    }
                },
                {
                    "id": "24108.1",
                    "limit": 1000,
                    "badges": {
                        "is_water": false,
                        "requires_age_check": false
                    },
                    "packaging": "Granel",
                    "thumbnail": "https://prod-mercadona.imgix.net/20190521/08/24108/vlc1/24108_00_10_1.jpg?fit=crop&h=206&w=206",
                    "display_name": "Gamba llistada petita congelada",
                    "bunch_selector": true,
                    "price_instructions": {
                        "iva": 10,
                        "is_new": false,
                        "is_pack": false,
                        "pack_size": null,
                        "unit_name": null,
                        "unit_size": null,
                        "bulk_price": "10.95",
                        "unit_price": "1084.05",
                        "approx_size": true,
                        "size_format": "kg",
                        "total_units": null,
                        "unit_selector": false,
                        "bunch_selector": true,
                        "drained_weight": null,
                        "price_decreased": false,
                        "reference_price": "10.95",
                        "min_bunch_amount": 0.15,
                        "reference_format": "kg",
                        "increment_bunch_amount": 0.15
                    }
                },
                {
                    "id": "24147.2",
                    "limit": 1000,
                    "badges": {
                        "is_water": false,
                        "requires_age_check": false
                    },
                    "packaging": "Capsa",
                    "thumbnail": "https://prod-mercadona.imgix.net/20190521/47/24147/vlc1/24147_00_02_2.jpg?fit=crop&h=206&w=206",
                    "display_name": "Gamba argentina gran Dimarosa congelada",
                    "bunch_selector": false,
                    "price_instructions": {
                        "iva": 10,
                        "is_new": false,
                        "is_pack": false,
                        "pack_size": null,
                        "unit_name": null,
                        "unit_size": 2.0,
                        "bulk_price": "8.95",
                        "unit_price": "17.90",
                        "approx_size": true,
                        "size_format": "kg",
                        "total_units": null,
                        "unit_selector": true,
                        "bunch_selector": false,
                        "drained_weight": null,
                        "price_decreased": false,
                        "reference_price": "8.95",
                        "min_bunch_amount": 1.0,
                        "reference_format": "kg",
                        "increment_bunch_amount": 1.0
                    }
                },
                {
                    "id": "62479",
                    "limit": 1000,
                    "badges": {
                        "is_water": false,
                        "requires_age_check": false
                    },
                    "packaging": "Paquet-2",
                    "thumbnail": "https://prod-mercadona.imgix.net/20190521/79/62479/vlc1/62479_00_02.jpg?fit=crop&h=206&w=206",
                    "display_name": "Tronquets de surimi Pescanova ultracongelats",
                    "bunch_selector": false,
                    "price_instructions": {
                        "iva": 10,
                        "is_new": false,
                        "is_pack": true,
                        "pack_size": 0.6,
                        "unit_name": "paquets",
                        "unit_size": 1.2,
                        "bulk_price": "3.00",
                        "unit_price": "3.60",
                        "approx_size": false,
                        "size_format": "kg",
                        "total_units": 2,
                        "unit_selector": true,
                        "bunch_selector": false,
                        "drained_weight": null,
                        "price_decreased": false,
                        "reference_price": "3.00",
                        "min_bunch_amount": 1.0,
                        "reference_format": "kg",
                        "increment_bunch_amount": 1.0
                    }
                },
                {
                    "id": "24108.2",
                    "limit": 1000,
                    "badges": {
                        "is_water": false,
                        "requires_age_check": false
                    },
                    "packaging": "Capsa",
                    "thumbnail": "https://prod-mercadona.imgix.net/20190521/08/24108/vlc1/24108_00_02_2.jpg?fit=crop&h=206&w=206",
                    "display_name": "Gamba llistada petita Dimarosa congelada",
                    "bunch_selector": false,
                    "price_instructions": {
                        "iva": 10,
                        "is_new": false,
                        "is_pack": false,
                        "pack_size": null,
                        "unit_name": null,
                        "unit_size": 1.0,
                        "bulk_price": "10.95",
                        "unit_price": "10.95",
                        "approx_size": true,
                        "size_format": "kg",
                        "total_units": null,
                        "unit_selector": true,
                        "bunch_selector": false,
                        "drained_weight": null,
                        "price_decreased": false,
                        "reference_price": "10.95",
                        "min_bunch_amount": 1.0,
                        "reference_format": "kg",
                        "increment_bunch_amount": 1.0
                    }
                },
                {
                    "id": "24147.1",
                    "limit": 1000,
                    "badges": {
                        "is_water": false,
                        "requires_age_check": false
                    },
                    "packaging": "Granel",
                    "thumbnail": "https://prod-mercadona.imgix.net/20190521/47/24147/vlc1/24147_00_10_1.jpg?fit=crop&h=206&w=206",
                    "display_name": "Gamba argentina gran congelada",
                    "bunch_selector": true,
                    "price_instructions": {
                        "iva": 10,
                        "is_new": false,
                        "is_pack": false,
                        "pack_size": null,
                        "unit_name": null,
                        "unit_size": null,
                        "bulk_price": "8.95",
                        "unit_price": "886.05",
                        "approx_size": true,
                        "size_format": "kg",
                        "total_units": null,
                        "unit_selector": false,
                        "bunch_selector": true,
                        "drained_weight": null,
                        "price_decreased": false,
                        "reference_price": "8.95",
                        "min_bunch_amount": 0.15,
                        "reference_format": "kg",
                        "increment_bunch_amount": 0.15
                    }
                },
                {
                    "id": "24105.1",
                    "limit": 1000,
                    "badges": {
                        "is_water": false,
                        "requires_age_check": false
                    },
                    "packaging": "Granel",
                    "thumbnail": "https://prod-mercadona.imgix.net/20190521/05/24105/vlc1/24105_00_10_1.jpg?fit=crop&h=206&w=206",
                    "display_name": "Gamba llistada mitjana congelada",
                    "bunch_selector": true,
                    "price_instructions": {
                        "iva": 10,
                        "is_new": false,
                        "is_pack": false,
                        "pack_size": null,
                        "unit_name": null,
                        "unit_size": null,
                        "bulk_price": "23.95",
                        "unit_price": "2371.05",
                        "approx_size": true,
                        "size_format": "kg",
                        "total_units": null,
                        "unit_selector": false,
                        "bunch_selector": true,
                        "drained_weight": null,
                        "price_decreased": false,
                        "reference_price": "23.95",
                        "min_bunch_amount": 0.15,
                        "reference_format": "kg",
                        "increment_bunch_amount": 0.15
                    }
                },
                {
                    "id": "62398",
                    "limit": 1000,
                    "badges": {
                        "is_water": false,
                        "requires_age_check": false
                    },
                    "packaging": "Paquet",
                    "thumbnail": "https://prod-mercadona.imgix.net/20190521/98/62398/vlc1/62398_00_02.jpg?fit=crop&h=206&w=206",
                    "display_name": "Cloïssa del Pacífic Mascato congelada",
                    "bunch_selector": false,
                    "price_instructions": {
                        "iva": 10,
                        "is_new": false,
                        "is_pack": false,
                        "pack_size": null,
                        "unit_name": null,
                        "unit_size": 0.45,
                        "bulk_price": "4.00",
                        "unit_price": "1.80",
                        "approx_size": false,
                        "size_format": "kg",
                        "total_units": null,
                        "unit_selector": true,
                        "bunch_selector": false,
                        "drained_weight": null,
                        "price_decreased": false,
                        "reference_price": "4.00",
                        "min_bunch_amount": 1.0,
                        "reference_format": "kg",
                        "increment_bunch_amount": 1.0
                    }
                },
                {
                    "id": "62396",
                    "limit": 1000,
                    "badges": {
                        "is_water": false,
                        "requires_age_check": false
                    },
                    "packaging": "Paquet",
                    "thumbnail": "https://prod-mercadona.imgix.net/20190521/96/62396/vlc1/62396_00_02.jpg?fit=crop&h=206&w=206",
                    "display_name": "Carn de musclo de Xile cuit Hacendado ultracongelat",
                    "bunch_selector": false,
                    "price_instructions": {
                        "iva": 10,
                        "is_new": false,
                        "is_pack": false,
                        "pack_size": null,
                        "unit_name": null,
                        "unit_size": null,
                        "bulk_price": "7.45",
                        "unit_price": "2.05",
                        "approx_size": false,
                        "size_format": "kg",
                        "total_units": null,
                        "unit_selector": true,
                        "bunch_selector": false,
                        "drained_weight": 0.275,
                        "price_decreased": false,
                        "reference_price": "7.46",
                        "min_bunch_amount": 1.0,
                        "reference_format": "kg",
                        "increment_bunch_amount": 1.0
                    }
                },
                {
                    "id": "24105.2",
                    "limit": 1000,
                    "badges": {
                        "is_water": false,
                        "requires_age_check": false
                    },
                    "packaging": "Capsa",
                    "thumbnail": "https://prod-mercadona.imgix.net/20190521/05/24105/vlc1/24105_00_02_2.jpg?fit=crop&h=206&w=206",
                    "display_name": "Gamba llistada mitjana Dimarosa congelada",
                    "bunch_selector": false,
                    "price_instructions": {
                        "iva": 10,
                        "is_new": false,
                        "is_pack": false,
                        "pack_size": null,
                        "unit_name": null,
                        "unit_size": 1.0,
                        "bulk_price": "23.95",
                        "unit_price": "23.95",
                        "approx_size": true,
                        "size_format": "kg",
                        "total_units": null,
                        "unit_selector": true,
                        "bunch_selector": false,
                        "drained_weight": null,
                        "price_decreased": false,
                        "reference_price": "23.95",
                        "min_bunch_amount": 1.0,
                        "reference_format": "kg",
                        "increment_bunch_amount": 1.0
                    }
                },
                {
                    "id": "62399",
                    "limit": 1000,
                    "badges": {
                        "is_water": false,
                        "requires_age_check": false
                    },
                    "packaging": "Paquet",
                    "thumbnail": "https://prod-mercadona.imgix.net/20190521/99/62399/vlc1/62399_00_07.jpg?fit=crop&h=206&w=206",
                    "display_name": "Musclo cuit mitja peça Leiro ultracongelat",
                    "bunch_selector": false,
                    "price_instructions": {
                        "iva": 10,
                        "is_new": false,
                        "is_pack": false,
                        "pack_size": null,
                        "unit_name": null,
                        "unit_size": null,
                        "bulk_price": "7.92",
                        "unit_price": "2.85",
                        "approx_size": false,
                        "size_format": "kg",
                        "total_units": null,
                        "unit_selector": true,
                        "bunch_selector": false,
                        "drained_weight": 0.36,
                        "price_decreased": false,
                        "reference_price": "7.92",
                        "min_bunch_amount": 1.0,
                        "reference_format": "kg",
                        "increment_bunch_amount": 1.0
                    }
                },
                {
                    "id": "24115.2",
                    "limit": 1000,
                    "badges": {
                        "is_water": false,
                        "requires_age_check": false
                    },
                    "packaging": "Capsa",
                    "thumbnail": "https://prod-mercadona.imgix.net/20190521/15/24115/vlc1/24115_00_02_2.jpg?fit=crop&h=206&w=206",
                    "display_name": "Gambot Dimarosa congelat",
                    "bunch_selector": false,
                    "price_instructions": {
                        "iva": 10,
                        "is_new": false,
                        "is_pack": false,
                        "pack_size": null,
                        "unit_name": null,
                        "unit_size": 1.0,
                        "bulk_price": "62.95",
                        "unit_price": "62.95",
                        "approx_size": true,
                        "size_format": "kg",
                        "total_units": null,
                        "unit_selector": true,
                        "bunch_selector": false,
                        "drained_weight": null,
                        "price_decreased": false,
                        "reference_price": "62.95",
                        "min_bunch_amount": 1.0,
                        "reference_format": "kg",
                        "increment_bunch_amount": 1.0
                    }
                },
                {
                    "id": "24139",
                    "limit": 1000,
                    "badges": {
                        "is_water": false,
                        "requires_age_check": false
                    },
                    "packaging": "Capsa",
                    "thumbnail": "https://prod-mercadona.imgix.net/20190521/39/24139/vlc1/24139_00_07.jpg?fit=crop&h=206&w=206",
                    "display_name": "Llagostí cuit Pescanova ultracongelat",
                    "bunch_selector": false,
                    "price_instructions": {
                        "iva": 10,
                        "is_new": false,
                        "is_pack": false,
                        "pack_size": null,
                        "unit_name": null,
                        "unit_size": 1.0,
                        "bulk_price": "9.75",
                        "unit_price": "9.75",
                        "approx_size": false,
                        "size_format": "kg",
                        "total_units": null,
                        "unit_selector": true,
                        "bunch_selector": false,
                        "drained_weight": null,
                        "price_decreased": false,
                        "reference_price": "9.75",
                        "min_bunch_amount": 1.0,
                        "reference_format": "kg",
                        "increment_bunch_amount": 1.0
                    }
                },
                {
                    "id": "24254",
                    "limit": 1000,
                    "badges": {
                        "is_water": false,
                        "requires_age_check": false
                    },
                    "packaging": "Paquet",
                    "thumbnail": "https://prod-mercadona.imgix.net/20190521/54/24254/vlc1/24254_00_02.jpg?fit=crop&h=206&w=206",
                    "display_name": "Gamba cuita pelada Dimarosa ultracongelada",
                    "bunch_selector": false,
                    "price_instructions": {
                        "iva": 10,
                        "is_new": false,
                        "is_pack": false,
                        "pack_size": null,
                        "unit_name": null,
                        "unit_size": 0.2,
                        "bulk_price": "21.25",
                        "unit_price": "4.25",
                        "approx_size": false,
                        "size_format": "kg",
                        "total_units": null,
                        "unit_selector": true,
                        "bunch_selector": false,
                        "drained_weight": null,
                        "price_decreased": false,
                        "reference_price": "21.25",
                        "min_bunch_amount": 1.0,
                        "reference_format": "kg",
                        "increment_bunch_amount": 1.0
                    }
                },
                {
                    "id": "24160",
                    "limit": 1000,
                    "badges": {
                        "is_water": false,
                        "requires_age_check": false
                    },
                    "packaging": "Peça",
                    "thumbnail": "https://prod-mercadona.imgix.net/20190521/60/24160/vlc1/24160_00_01.jpg?fit=crop&h=206&w=206",
                    "display_name": "Cossos grans Dimarosa congelats",
                    "bunch_selector": false,
                    "price_instructions": {
                        "iva": 10,
                        "is_new": false,
                        "is_pack": false,
                        "pack_size": null,
                        "unit_name": null,
                        "unit_size": 0.41,
                        "bulk_price": "35.00",
                        "unit_price": "14.35",
                        "approx_size": true,
                        "size_format": "kg",
                        "total_units": null,
                        "unit_selector": true,
                        "bunch_selector": false,
                        "drained_weight": null,
                        "price_decreased": false,
                        "reference_price": "35.00",
                        "min_bunch_amount": 1.0,
                        "reference_format": "kg",
                        "increment_bunch_amount": 1.0
                    }
                },
                {
                    "id": "24409",
                    "limit": 1000,
                    "badges": {
                        "is_water": false,
                        "requires_age_check": false
                    },
                    "packaging": "Safata",
                    "thumbnail": "https://prod-mercadona.imgix.net/20190521/09/24409/vlc1/24409_00_02.jpg?fit=crop&h=206&w=206",
                    "display_name": "Navalla crua Hacendado congelada",
                    "bunch_selector": false,
                    "price_instructions": {
                        "iva": 10,
                        "is_new": false,
                        "is_pack": false,
                        "pack_size": null,
                        "unit_name": null,
                        "unit_size": 0.45,
                        "bulk_price": "4.33",
                        "unit_price": "1.95",
                        "approx_size": false,
                        "size_format": "kg",
                        "total_units": null,
                        "unit_selector": true,
                        "bunch_selector": false,
                        "drained_weight": null,
                        "price_decreased": false,
                        "reference_price": "4.33",
                        "min_bunch_amount": 1.0,
                        "reference_format": "kg",
                        "increment_bunch_amount": 1.0
                    }
                },
                {
                    "id": "24298",
                    "limit": 1000,
                    "badges": {
                        "is_water": false,
                        "requires_age_check": false
                    },
                    "packaging": "Peça",
                    "thumbnail": "https://prod-mercadona.imgix.net/20190521/98/24298/vlc1/24298_00_02.jpg?fit=crop&h=206&w=206",
                    "display_name": "Bou de mar cuit Errigal congelat",
                    "bunch_selector": false,
                    "price_instructions": {
                        "iva": 10,
                        "is_new": false,
                        "is_pack": false,
                        "pack_size": null,
                        "unit_name": null,
                        "unit_size": 0.6,
                        "bulk_price": "14.00",
                        "unit_price": "8.40",
                        "approx_size": false,
                        "size_format": "kg",
                        "total_units": null,
                        "unit_selector": true,
                        "bunch_selector": false,
                        "drained_weight": null,
                        "price_decreased": false,
                        "reference_price": "14.00",
                        "min_bunch_amount": 1.0,
                        "reference_format": "kg",
                        "increment_bunch_amount": 1.0
                    }
                },
                {
                    "id": "24278",
                    "limit": 1000,
                    "badges": {
                        "is_water": false,
                        "requires_age_check": false
                    },
                    "packaging": "Safata",
                    "thumbnail": "https://prod-mercadona.imgix.net/20190521/78/24278/vlc1/24278_00_02.jpg?fit=crop&h=206&w=206",
                    "display_name": "Gamba blanca cuita Dimarosa ultracongelada",
                    "bunch_selector": false,
                    "price_instructions": {
                        "iva": 10,
                        "is_new": false,
                        "is_pack": false,
                        "pack_size": null,
                        "unit_name": null,
                        "unit_size": 0.35,
                        "bulk_price": "14.14",
                        "unit_price": "4.95",
                        "approx_size": false,
                        "size_format": "kg",
                        "total_units": null,
                        "unit_selector": true,
                        "bunch_selector": false,
                        "drained_weight": null,
                        "price_decreased": false,
                        "reference_price": "14.14",
                        "min_bunch_amount": 1.0,
                        "reference_format": "kg",
                        "increment_bunch_amount": 1.0
                    }
                },
                {
                    "id": "62475",
                    "limit": 1000,
                    "badges": {
                        "is_water": false,
                        "requires_age_check": false
                    },
                    "packaging": "Paquet-2",
                    "thumbnail": "https://prod-mercadona.imgix.net/20190521/75/62475/vlc1/62475_00_02.jpg?fit=crop&h=206&w=206",
                    "display_name": "Bastonets de surimi Pescanova",
                    "bunch_selector": false,
                    "price_instructions": {
                        "iva": 10,
                        "is_new": false,
                        "is_pack": true,
                        "pack_size": 0.46,
                        "unit_name": "paquets",
                        "unit_size": 0.92,
                        "bulk_price": "4.18",
                        "unit_price": "3.85",
                        "approx_size": false,
                        "size_format": "kg",
                        "total_units": 2,
                        "unit_selector": true,
                        "bunch_selector": false,
                        "drained_weight": null,
                        "price_decreased": false,
                        "reference_price": "4.18",
                        "min_bunch_amount": 1.0,
                        "reference_format": "kg",
                        "increment_bunch_amount": 1.0
                    }
                },
                {
                    "id": "62386",
                    "limit": 1000,
                    "badges": {
                        "is_water": false,
                        "requires_age_check": false
                    },
                    "packaging": "Peça",
                    "thumbnail": "https://prod-mercadona.imgix.net/20190521/86/62386/vlc1/62386_00_10.jpg?fit=crop&h=206&w=206",
                    "display_name": "Llamàntol americà mitjà cru East Coast Seafood congelat",
                    "bunch_selector": false,
                    "price_instructions": {
                        "iva": 10,
                        "is_new": false,
                        "is_pack": false,
                        "pack_size": null,
                        "unit_name": null,
                        "unit_size": null,
                        "bulk_price": "28.89",
                        "unit_price": "13.00",
                        "approx_size": false,
                        "size_format": "kg",
                        "total_units": null,
                        "unit_selector": true,
                        "bunch_selector": false,
                        "drained_weight": 0.45,
                        "price_decreased": false,
                        "reference_price": "28.89",
                        "min_bunch_amount": 1.0,
                        "reference_format": "kg",
                        "increment_bunch_amount": 1.0
                    }
                },
                {
                    "id": "62001",
                    "limit": 1000,
                    "badges": {
                        "is_water": false,
                        "requires_age_check": false
                    },
                    "packaging": "Safata",
                    "thumbnail": "https://prod-mercadona.imgix.net/20190521/01/62001/vlc1/62001_00_02.jpg?fit=crop&h=206&w=206",
                    "display_name": "Preparat paella de marisc Hacendado ultracongelat",
                    "bunch_selector": false,
                    "price_instructions": {
                        "iva": 10,
                        "is_new": false,
                        "is_pack": false,
                        "pack_size": null,
                        "unit_name": "racions",
                        "unit_size": 0.51,
                        "bulk_price": "7.65",
                        "unit_price": "3.90",
                        "approx_size": false,
                        "size_format": "kg",
                        "total_units": 4,
                        "unit_selector": true,
                        "bunch_selector": false,
                        "drained_weight": null,
                        "price_decreased": false,
                        "reference_price": "7.65",
                        "min_bunch_amount": 1.0,
                        "reference_format": "kg",
                        "increment_bunch_amount": 1.0
                    }
                },
                {
                    "id": "62007",
                    "limit": 1000,
                    "badges": {
                        "is_water": false,
                        "requires_age_check": false
                    },
                    "packaging": "Paquet",
                    "thumbnail": "https://prod-mercadona.imgix.net/20190521/07/62007/vlc1/62007_00_02.jpg?fit=crop&h=206&w=206",
                    "display_name": "Preparat de paella i sopa Hacendado ultracongelat",
                    "bunch_selector": false,
                    "price_instructions": {
                        "iva": 10,
                        "is_new": false,
                        "is_pack": false,
                        "pack_size": null,
                        "unit_name": "racions",
                        "unit_size": 0.685,
                        "bulk_price": "5.91",
                        "unit_price": "4.05",
                        "approx_size": false,
                        "size_format": "kg",
                        "total_units": 4,
                        "unit_selector": true,
                        "bunch_selector": false,
                        "drained_weight": null,
                        "price_decreased": false,
                        "reference_price": "5.91",
                        "min_bunch_amount": 1.0,
                        "reference_format": "kg",
                        "increment_bunch_amount": 1.0
                    }
                },
                {
                    "id": "62303",
                    "limit": 1000,
                    "badges": {
                        "is_water": false,
                        "requires_age_check": false
                    },
                    "packaging": "Paquet",
                    "thumbnail": "https://prod-mercadona.imgix.net/20190521/03/62303/vlc1/62303_00_02.jpg?fit=crop&h=206&w=206",
                    "display_name": "Cargols precuits Hacendado ultracongelats",
                    "bunch_selector": false,
                    "price_instructions": {
                        "iva": 10,
                        "is_new": false,
                        "is_pack": false,
                        "pack_size": null,
                        "unit_name": null,
                        "unit_size": 0.35,
                        "bulk_price": "5.97",
                        "unit_price": "2.09",
                        "approx_size": false,
                        "size_format": "kg",
                        "total_units": null,
                        "unit_selector": true,
                        "bunch_selector": false,
                        "drained_weight": null,
                        "price_decreased": false,
                        "reference_price": "5.97",
                        "min_bunch_amount": 1.0,
                        "reference_format": "kg",
                        "increment_bunch_amount": 1.0
                    }
                }
            ],
            "is_extended": false
        },
        {
            "id": 149,
            "name": "Peix",
            "layout": 1,
            "products": [
                {
                    "id": "62012",
                    "limit": 1000,
                    "badges": {
                        "is_water": false,
                        "requires_age_check": false
                    },
                    "packaging": "Paquet",
                    "thumbnail": "https://prod-mercadona.imgix.net/20190521/12/62012/vlc1/62012_00_02.jpg?fit=crop&h=206&w=206",
                    "display_name": "Fregitel·la de peix Hacendado ultracongelada",
                    "bunch_selector": false,
                    "price_instructions": {
                        "iva": 10,
                        "is_new": false,
                        "is_pack": false,
                        "pack_size": null,
                        "unit_name": "racions",
                        "unit_size": 0.6,
                        "bulk_price": "7.17",
                        "unit_price": "4.30",
                        "approx_size": false,
                        "size_format": "kg",
                        "total_units": 4,
                        "unit_selector": true,
                        "bunch_selector": false,
                        "drained_weight": 0.6,
                        "price_decreased": false,
                        "reference_price": "7.17",
                        "min_bunch_amount": 1.0,
                        "reference_format": "kg",
                        "increment_bunch_amount": 1.0
                    }
                },
                {
                    "id": "24345",
                    "limit": 1000,
                    "badges": {
                        "is_water": false,
                        "requires_age_check": false
                    },
                    "packaging": "Peça",
                    "thumbnail": "https://prod-mercadona.imgix.net/20190521/45/24345/vlc1/24345_00_07.jpg?fit=crop&h=206&w=206",
                    "display_name": "Rodanxa d'emperador Hacendado congelat",
                    "bunch_selector": false,
                    "price_instructions": {
                        "iva": 10,
                        "is_new": false,
                        "is_pack": false,
                        "pack_size": null,
                        "unit_name": null,
                        "unit_size": null,
                        "bulk_price": "12.78",
                        "unit_price": "3.83",
                        "approx_size": true,
                        "size_format": "kg",
                        "total_units": null,
                        "unit_selector": true,
                        "bunch_selector": false,
                        "drained_weight": 0.3,
                        "price_decreased": false,
                        "reference_price": "12.78",
                        "min_bunch_amount": 1.0,
                        "reference_format": "kg",
                        "increment_bunch_amount": 1.0
                    }
                },
                {
                    "id": "24352",
                    "limit": 1000,
                    "badges": {
                        "is_water": false,
                        "requires_age_check": false
                    },
                    "packaging": "Paquet",
                    "thumbnail": "https://prod-mercadona.imgix.net/20190521/52/24352/vlc1/24352_00_02.jpg?fit=crop&h=206&w=206",
                    "display_name": "Lloms de tonyina aleta groga Escuris ultracongelats",
                    "bunch_selector": false,
                    "price_instructions": {
                        "iva": 10,
                        "is_new": false,
                        "is_pack": false,
                        "pack_size": null,
                        "unit_name": null,
                        "unit_size": null,
                        "bulk_price": "8.95",
                        "unit_price": "2.68",
                        "approx_size": true,
                        "size_format": "kg",
                        "total_units": null,
                        "unit_selector": true,
                        "bunch_selector": false,
                        "drained_weight": 0.3,
                        "price_decreased": false,
                        "reference_price": "8.95",
                        "min_bunch_amount": 1.0,
                        "reference_format": "kg",
                        "increment_bunch_amount": 1.0
                    }
                },
                {
                    "id": "24016",
                    "limit": 1000,
                    "badges": {
                        "is_water": false,
                        "requires_age_check": false
                    },
                    "packaging": "Paquet",
                    "thumbnail": "https://prod-mercadona.imgix.net/20190521/16/24016/vlc1/24016_00_02.jpg?fit=crop&h=206&w=206",
                    "display_name": "Filets de bacallà sense espines Maredeus congelat",
                    "bunch_selector": false,
                    "price_instructions": {
                        "iva": 10,
                        "is_new": false,
                        "is_pack": false,
                        "pack_size": null,
                        "unit_name": null,
                        "unit_size": null,
                        "bulk_price": "11.33",
                        "unit_price": "4.25",
                        "approx_size": false,
                        "size_format": "kg",
                        "total_units": null,
                        "unit_selector": true,
                        "bunch_selector": false,
                        "drained_weight": 0.375,
                        "price_decreased": false,
                        "reference_price": "11.33",
                        "min_bunch_amount": 1.0,
                        "reference_format": "kg",
                        "increment_bunch_amount": 1.0
                    }
                },
                {
                    "id": "63163",
                    "limit": 1000,
                    "badges": {
                        "is_water": false,
                        "requires_age_check": false
                    },
                    "packaging": "Paquet",
                    "thumbnail": "https://prod-mercadona.imgix.net/20190521/63/63163/vlc1/63163_00_02.jpg?fit=crop&h=206&w=206",
                    "display_name": "Anelles a la romana Hacendado ultracongelades",
                    "bunch_selector": false,
                    "price_instructions": {
                        "iva": 10,
                        "is_new": false,
                        "is_pack": false,
                        "pack_size": null,
                        "unit_name": null,
                        "unit_size": 0.5,
                        "bulk_price": "6.80",
                        "unit_price": "3.40",
                        "approx_size": false,
                        "size_format": "kg",
                        "total_units": null,
                        "unit_selector": true,
                        "bunch_selector": false,
                        "drained_weight": null,
                        "price_decreased": false,
                        "reference_price": "6.80",
                        "min_bunch_amount": 1.0,
                        "reference_format": "kg",
                        "increment_bunch_amount": 1.0
                    }
                },
                {
                    "id": "63161",
                    "limit": 1000,
                    "badges": {
                        "is_water": false,
                        "requires_age_check": false
                    },
                    "packaging": "Paquet",
                    "thumbnail": "https://prod-mercadona.imgix.net/20190521/61/63161/vlc1/63161_00_02.jpg?fit=crop&h=206&w=206",
                    "display_name": "Tires de calamar arrebossades Hacendado ultracongelades",
                    "bunch_selector": false,
                    "price_instructions": {
                        "iva": 10,
                        "is_new": false,
                        "is_pack": false,
                        "pack_size": null,
                        "unit_name": null,
                        "unit_size": 0.5,
                        "bulk_price": "6.60",
                        "unit_price": "3.30",
                        "approx_size": false,
                        "size_format": "kg",
                        "total_units": null,
                        "unit_selector": true,
                        "bunch_selector": false,
                        "drained_weight": null,
                        "price_decreased": false,
                        "reference_price": "6.60",
                        "min_bunch_amount": 1.0,
                        "reference_format": "kg",
                        "increment_bunch_amount": 1.0
                    }
                },
                {
                    "id": "63158",
                    "limit": 1000,
                    "badges": {
                        "is_water": false,
                        "requires_age_check": false
                    },
                    "packaging": "Paquet",
                    "thumbnail": "https://prod-mercadona.imgix.net/20190521/58/63158/vlc1/63158_00_02.jpg?fit=crop&h=206&w=206",
                    "display_name": "Figuretes de lluç Hacendado ultracongeladas",
                    "bunch_selector": false,
                    "price_instructions": {
                        "iva": 10,
                        "is_new": false,
                        "is_pack": false,
                        "pack_size": null,
                        "unit_name": null,
                        "unit_size": 0.5,
                        "bulk_price": "5.00",
                        "unit_price": "2.50",
                        "approx_size": false,
                        "size_format": "kg",
                        "total_units": null,
                        "unit_selector": true,
                        "bunch_selector": false,
                        "drained_weight": null,
                        "price_decreased": false,
                        "reference_price": "5.00",
                        "min_bunch_amount": 1.0,
                        "reference_format": "kg",
                        "increment_bunch_amount": 1.0
                    }
                },
                {
                    "id": "63101",
                    "limit": 1000,
                    "badges": {
                        "is_water": false,
                        "requires_age_check": false
                    },
                    "packaging": "Paquet",
                    "thumbnail": "https://prod-mercadona.imgix.net/20190521/01/63101/vlc1/63101_00_02.jpg?fit=crop&h=206&w=206",
                    "display_name": "Filets de lluç amb ou Hacendado ultracongelats",
                    "bunch_selector": false,
                    "price_instructions": {
                        "iva": 10,
                        "is_new": false,
                        "is_pack": false,
                        "pack_size": null,
                        "unit_name": null,
                        "unit_size": 0.6,
                        "bulk_price": "6.58",
                        "unit_price": "3.95",
                        "approx_size": false,
                        "size_format": "kg",
                        "total_units": null,
                        "unit_selector": true,
                        "bunch_selector": false,
                        "drained_weight": null,
                        "price_decreased": false,
                        "reference_price": "6.58",
                        "min_bunch_amount": 1.0,
                        "reference_format": "kg",
                        "increment_bunch_amount": 1.0
                    }
                },
                {
                    "id": "63140",
                    "limit": 1000,
                    "badges": {
                        "is_water": false,
                        "requires_age_check": false
                    },
                    "packaging": "Paquet",
                    "thumbnail": "https://prod-mercadona.imgix.net/20190521/40/63140/vlc1/63140_00_02.jpg?fit=crop&h=206&w=206",
                    "display_name": "Lluç arrebossat pa fi Hacendado ultracongelat",
                    "bunch_selector": false,
                    "price_instructions": {
                        "iva": 10,
                        "is_new": false,
                        "is_pack": false,
                        "pack_size": null,
                        "unit_name": null,
                        "unit_size": 0.51,
                        "bulk_price": "5.29",
                        "unit_price": "2.70",
                        "approx_size": false,
                        "size_format": "kg",
                        "total_units": null,
                        "unit_selector": true,
                        "bunch_selector": false,
                        "drained_weight": null,
                        "price_decreased": false,
                        "reference_price": "5.29",
                        "min_bunch_amount": 1.0,
                        "reference_format": "kg",
                        "increment_bunch_amount": 1.0
                    }
                },
                {
                    "id": "62128",
                    "limit": 1000,
                    "badges": {
                        "is_water": false,
                        "requires_age_check": false
                    },
                    "packaging": "Paquet",
                    "thumbnail": "https://prod-mercadona.imgix.net/20190521/28/62128/vlc1/62128_00_02.jpg?fit=crop&h=206&w=206",
                    "display_name": "Filets de lluç del Cap sense pell Mascato ultracongelats",
                    "bunch_selector": false,
                    "price_instructions": {
                        "iva": 10,
                        "is_new": false,
                        "is_pack": false,
                        "pack_size": null,
                        "unit_name": null,
                        "unit_size": null,
                        "bulk_price": "6.64",
                        "unit_price": "3.85",
                        "approx_size": false,
                        "size_format": "kg",
                        "total_units": null,
                        "unit_selector": true,
                        "bunch_selector": false,
                        "drained_weight": 0.58,
                        "price_decreased": false,
                        "reference_price": "6.64",
                        "min_bunch_amount": 1.0,
                        "reference_format": "kg",
                        "increment_bunch_amount": 1.0
                    }
                },
                {
                    "id": "63150",
                    "limit": 1000,
                    "badges": {
                        "is_water": false,
                        "requires_age_check": false
                    },
                    "packaging": "Paquet",
                    "thumbnail": "https://prod-mercadona.imgix.net/20190521/50/63150/vlc1/63150_00_02.jpg?fit=crop&h=206&w=206",
                    "display_name": "Varetes de lluç arrebossades Hacendado ultracongelades",
                    "bunch_selector": false,
                    "price_instructions": {
                        "iva": 10,
                        "is_new": false,
                        "is_pack": false,
                        "pack_size": null,
                        "unit_name": "racions",
                        "unit_size": 0.5,
                        "bulk_price": "4.80",
                        "unit_price": "2.40",
                        "approx_size": false,
                        "size_format": "kg",
                        "total_units": 5,
                        "unit_selector": true,
                        "bunch_selector": false,
                        "drained_weight": null,
                        "price_decreased": false,
                        "reference_price": "4.80",
                        "min_bunch_amount": 1.0,
                        "reference_format": "kg",
                        "increment_bunch_amount": 1.0
                    }
                },
                {
                    "id": "62480",
                    "limit": 1000,
                    "badges": {
                        "is_water": false,
                        "requires_age_check": false
                    },
                    "packaging": "Paquet-2",
                    "thumbnail": "https://prod-mercadona.imgix.net/20190521/80/62480/vlc1/62480_00_07.jpg?fit=crop&h=206&w=206",
                    "display_name": "Anguriñas Pescanova ultracongelades",
                    "bunch_selector": false,
                    "price_instructions": {
                        "iva": 10,
                        "is_new": false,
                        "is_pack": true,
                        "pack_size": 0.26,
                        "unit_name": "safates",
                        "unit_size": 0.52,
                        "bulk_price": "7.40",
                        "unit_price": "3.85",
                        "approx_size": false,
                        "size_format": "kg",
                        "total_units": 2,
                        "unit_selector": true,
                        "bunch_selector": false,
                        "drained_weight": null,
                        "price_decreased": false,
                        "reference_price": "7.40",
                        "min_bunch_amount": 1.0,
                        "reference_format": "kg",
                        "increment_bunch_amount": 1.0
                    }
                },
                {
                    "id": "63231",
                    "limit": 1000,
                    "badges": {
                        "is_water": false,
                        "requires_age_check": false
                    },
                    "packaging": "Paquet",
                    "thumbnail": "https://prod-mercadona.imgix.net/20190521/31/63231/vlc1/63231_00_02.jpg?fit=crop&h=206&w=206",
                    "display_name": "Anelletes de surimi a la romana Pescanova ultracongelats",
                    "bunch_selector": false,
                    "price_instructions": {
                        "iva": 10,
                        "is_new": false,
                        "is_pack": false,
                        "pack_size": null,
                        "unit_name": null,
                        "unit_size": 0.625,
                        "bulk_price": "3.50",
                        "unit_price": "2.19",
                        "approx_size": false,
                        "size_format": "kg",
                        "total_units": null,
                        "unit_selector": true,
                        "bunch_selector": false,
                        "drained_weight": null,
                        "price_decreased": false,
                        "reference_price": "3.50",
                        "min_bunch_amount": 1.0,
                        "reference_format": "kg",
                        "increment_bunch_amount": 1.0
                    }
                },
                {
                    "id": "62029",
                    "limit": 1000,
                    "badges": {
                        "is_water": false,
                        "requires_age_check": false
                    },
                    "packaging": "Paquet",
                    "thumbnail": "https://prod-mercadona.imgix.net/20190521/29/62029/vlc1/62029_00_02.jpg?fit=crop&h=206&w=206",
                    "display_name": "Llenguado sencer Hacendado congelat",
                    "bunch_selector": false,
                    "price_instructions": {
                        "iva": 10,
                        "is_new": false,
                        "is_pack": false,
                        "pack_size": null,
                        "unit_name": null,
                        "unit_size": null,
                        "bulk_price": "9.83",
                        "unit_price": "5.90",
                        "approx_size": false,
                        "size_format": "kg",
                        "total_units": null,
                        "unit_selector": true,
                        "bunch_selector": false,
                        "drained_weight": 0.6,
                        "price_decreased": false,
                        "reference_price": "9.83",
                        "min_bunch_amount": 1.0,
                        "reference_format": "kg",
                        "increment_bunch_amount": 1.0
                    }
                },
                {
                    "id": "62131",
                    "limit": 1000,
                    "badges": {
                        "is_water": false,
                        "requires_age_check": false
                    },
                    "packaging": "Paquet",
                    "thumbnail": "https://prod-mercadona.imgix.net/20190521/31/62131/vlc1/62131_00_02.jpg?fit=crop&h=206&w=206",
                    "display_name": "Medallons de lluç del Cap Hacendado ultracongelats",
                    "bunch_selector": false,
                    "price_instructions": {
                        "iva": 10,
                        "is_new": false,
                        "is_pack": false,
                        "pack_size": null,
                        "unit_name": null,
                        "unit_size": null,
                        "bulk_price": "7.01",
                        "unit_price": "3.40",
                        "approx_size": false,
                        "size_format": "kg",
                        "total_units": null,
                        "unit_selector": true,
                        "bunch_selector": false,
                        "drained_weight": 0.485,
                        "price_decreased": false,
                        "reference_price": "7.01",
                        "min_bunch_amount": 1.0,
                        "reference_format": "kg",
                        "increment_bunch_amount": 1.0
                    }
                },
                {
                    "id": "62121",
                    "limit": 1000,
                    "badges": {
                        "is_water": false,
                        "requires_age_check": false
                    },
                    "packaging": "Paquet",
                    "thumbnail": "https://prod-mercadona.imgix.net/20190521/21/62121/vlc1/62121_00_02.jpg?fit=crop&h=206&w=206",
                    "display_name": "Rodanxes de lluç del Cap Hacendado ultracongelades",
                    "bunch_selector": false,
                    "price_instructions": {
                        "iva": 10,
                        "is_new": false,
                        "is_pack": false,
                        "pack_size": null,
                        "unit_name": null,
                        "unit_size": null,
                        "bulk_price": "6.81",
                        "unit_price": "3.95",
                        "approx_size": false,
                        "size_format": "kg",
                        "total_units": null,
                        "unit_selector": true,
                        "bunch_selector": false,
                        "drained_weight": 0.58,
                        "price_decreased": false,
                        "reference_price": "6.81",
                        "min_bunch_amount": 1.0,
                        "reference_format": "kg",
                        "increment_bunch_amount": 1.0
                    }
                },
                {
                    "id": "62145",
                    "limit": 1000,
                    "badges": {
                        "is_water": false,
                        "requires_age_check": false
                    },
                    "packaging": "Paquet",
                    "thumbnail": "https://prod-mercadona.imgix.net/20190521/45/62145/vlc1/62145_00_02.jpg?fit=crop&h=206&w=206",
                    "display_name": "Rodanxes d'emperador petites Hacendado ultracongelades",
                    "bunch_selector": false,
                    "price_instructions": {
                        "iva": 10,
                        "is_new": false,
                        "is_pack": false,
                        "pack_size": null,
                        "unit_name": null,
                        "unit_size": null,
                        "bulk_price": "9.72",
                        "unit_price": "8.75",
                        "approx_size": false,
                        "size_format": "kg",
                        "total_units": null,
                        "unit_selector": true,
                        "bunch_selector": false,
                        "drained_weight": 0.9,
                        "price_decreased": false,
                        "reference_price": "9.72",
                        "min_bunch_amount": 1.0,
                        "reference_format": "kg",
                        "increment_bunch_amount": 1.0
                    }
                },
                {
                    "id": "62113",
                    "limit": 1000,
                    "badges": {
                        "is_water": false,
                        "requires_age_check": false
                    },
                    "packaging": "Capsa",
                    "thumbnail": "https://prod-mercadona.imgix.net/20190521/13/62113/vlc1/62113_00_01.jpg?fit=crop&h=206&w=206",
                    "display_name": "Lloms i centres de lluç del Cap Mascato ultracongelats",
                    "bunch_selector": false,
                    "price_instructions": {
                        "iva": 10,
                        "is_new": false,
                        "is_pack": false,
                        "pack_size": null,
                        "unit_name": null,
                        "unit_size": 0.4,
                        "bulk_price": "8.00",
                        "unit_price": "3.20",
                        "approx_size": false,
                        "size_format": "kg",
                        "total_units": null,
                        "unit_selector": true,
                        "bunch_selector": false,
                        "drained_weight": null,
                        "price_decreased": false,
                        "reference_price": "8.00",
                        "min_bunch_amount": 1.0,
                        "reference_format": "kg",
                        "increment_bunch_amount": 1.0
                    }
                },
                {
                    "id": "62461",
                    "limit": 1000,
                    "badges": {
                        "is_water": false,
                        "requires_age_check": false
                    },
                    "packaging": "Safata",
                    "thumbnail": "https://prod-mercadona.imgix.net/20190521/61/62461/vlc1/62461_00_07.jpg?fit=crop&h=206&w=206",
                    "display_name": "Anguriñas Pescanova ultracongelades",
                    "bunch_selector": false,
                    "price_instructions": {
                        "iva": 10,
                        "is_new": false,
                        "is_pack": false,
                        "pack_size": null,
                        "unit_name": null,
                        "unit_size": 0.26,
                        "bulk_price": "8.42",
                        "unit_price": "2.19",
                        "approx_size": false,
                        "size_format": "kg",
                        "total_units": null,
                        "unit_selector": true,
                        "bunch_selector": false,
                        "drained_weight": null,
                        "price_decreased": false,
                        "reference_price": "8.42",
                        "min_bunch_amount": 1.0,
                        "reference_format": "kg",
                        "increment_bunch_amount": 1.0
                    }
                },
                {
                    "id": "62103",
                    "limit": 1000,
                    "badges": {
                        "is_water": false,
                        "requires_age_check": false
                    },
                    "packaging": "Paquet",
                    "thumbnail": "https://prod-mercadona.imgix.net/20190521/03/62103/vlc1/62103_00_02.jpg?fit=crop&h=206&w=206",
                    "display_name": "Porcions de lluç del Cap Hacendado ultracongelades",
                    "bunch_selector": false,
                    "price_instructions": {
                        "iva": 10,
                        "is_new": false,
                        "is_pack": false,
                        "pack_size": null,
                        "unit_name": null,
                        "unit_size": null,
                        "bulk_price": "7.60",
                        "unit_price": "3.80",
                        "approx_size": false,
                        "size_format": "kg",
                        "total_units": null,
                        "unit_selector": true,
                        "bunch_selector": false,
                        "drained_weight": 0.5,
                        "price_decreased": false,
                        "reference_price": "7.60",
                        "min_bunch_amount": 1.0,
                        "reference_format": "kg",
                        "increment_bunch_amount": 1.0
                    }
                },
                {
                    "id": "62159",
                    "limit": 1000,
                    "badges": {
                        "is_water": false,
                        "requires_age_check": false
                    },
                    "packaging": "Paquet",
                    "thumbnail": "https://prod-mercadona.imgix.net/20190521/59/62159/vlc1/62159_00_02.jpg?fit=crop&h=206&w=206",
                    "display_name": "Filets de lluç del Pacífic sense pell Hacendado ultracongelats",
                    "bunch_selector": false,
                    "price_instructions": {
                        "iva": 10,
                        "is_new": false,
                        "is_pack": false,
                        "pack_size": null,
                        "unit_name": null,
                        "unit_size": null,
                        "bulk_price": "5.36",
                        "unit_price": "5.20",
                        "approx_size": false,
                        "size_format": "kg",
                        "total_units": null,
                        "unit_selector": true,
                        "bunch_selector": false,
                        "drained_weight": 0.97,
                        "price_decreased": false,
                        "reference_price": "5.36",
                        "min_bunch_amount": 1.0,
                        "reference_format": "kg",
                        "increment_bunch_amount": 1.0
                    }
                },
                {
                    "id": "62180",
                    "limit": 1000,
                    "badges": {
                        "is_water": false,
                        "requires_age_check": false
                    },
                    "packaging": "Paquet",
                    "thumbnail": "https://prod-mercadona.imgix.net/20190521/80/62180/vlc1/62180_00_02.jpg?fit=crop&h=206&w=206",
                    "display_name": "Filets d'abadejo d'Alaska sense pell Hacendado ultracongelats",
                    "bunch_selector": false,
                    "price_instructions": {
                        "iva": 10,
                        "is_new": false,
                        "is_pack": false,
                        "pack_size": null,
                        "unit_name": null,
                        "unit_size": null,
                        "bulk_price": "5.82",
                        "unit_price": "4.95",
                        "approx_size": false,
                        "size_format": "kg",
                        "total_units": null,
                        "unit_selector": true,
                        "bunch_selector": false,
                        "drained_weight": 0.85,
                        "price_decreased": false,
                        "reference_price": "5.82",
                        "min_bunch_amount": 1.0,
                        "reference_format": "kg",
                        "increment_bunch_amount": 1.0
                    }
                },
                {
                    "id": "63407",
                    "limit": 1000,
                    "badges": {
                        "is_water": false,
                        "requires_age_check": false
                    },
                    "packaging": "Capsa",
                    "thumbnail": "https://prod-mercadona.imgix.net/20190521/07/63407/vlc1/63407_00_02.jpg?fit=crop&h=206&w=206",
                    "display_name": "Crestes de tonyina Hacendado ultracongelades",
                    "bunch_selector": false,
                    "price_instructions": {
                        "iva": 10,
                        "is_new": false,
                        "is_pack": false,
                        "pack_size": null,
                        "unit_name": null,
                        "unit_size": 0.5,
                        "bulk_price": "3.00",
                        "unit_price": "1.50",
                        "approx_size": false,
                        "size_format": "kg",
                        "total_units": null,
                        "unit_selector": true,
                        "bunch_selector": false,
                        "drained_weight": null,
                        "price_decreased": false,
                        "reference_price": "3.00",
                        "min_bunch_amount": 1.0,
                        "reference_format": "kg",
                        "increment_bunch_amount": 1.0
                    }
                },
                {
                    "id": "63435",
                    "limit": 1000,
                    "badges": {
                        "is_water": false,
                        "requires_age_check": false
                    },
                    "packaging": "Paquet",
                    "thumbnail": "https://prod-mercadona.imgix.net/20190521/35/63435/vlc1/63435_00_02.jpg?fit=crop&h=206&w=206",
                    "display_name": "Mandonguilles de bacallà Camós congelades",
                    "bunch_selector": false,
                    "price_instructions": {
                        "iva": 10,
                        "is_new": false,
                        "is_pack": false,
                        "pack_size": null,
                        "unit_name": null,
                        "unit_size": 0.4,
                        "bulk_price": "3.75",
                        "unit_price": "1.50",
                        "approx_size": false,
                        "size_format": "kg",
                        "total_units": null,
                        "unit_selector": true,
                        "bunch_selector": false,
                        "drained_weight": null,
                        "price_decreased": false,
                        "reference_price": "3.75",
                        "min_bunch_amount": 1.0,
                        "reference_format": "kg",
                        "increment_bunch_amount": 1.0
                    }
                },
                {
                    "id": "62191",
                    "limit": 1000,
                    "badges": {
                        "is_water": false,
                        "requires_age_check": false
                    },
                    "packaging": "Paquet",
                    "thumbnail": "https://prod-mercadona.imgix.net/20190521/91/62191/vlc1/62191_00_02.jpg?fit=crop&h=206&w=206",
                    "display_name": "Filets de panga ultracongelats",
                    "bunch_selector": false,
                    "price_instructions": {
                        "iva": 10,
                        "is_new": false,
                        "is_pack": false,
                        "pack_size": null,
                        "unit_name": null,
                        "unit_size": null,
                        "bulk_price": "5.50",
                        "unit_price": "4.95",
                        "approx_size": false,
                        "size_format": "kg",
                        "total_units": null,
                        "unit_selector": true,
                        "bunch_selector": false,
                        "drained_weight": 0.9,
                        "price_decreased": false,
                        "reference_price": "5.50",
                        "min_bunch_amount": 1.0,
                        "reference_format": "kg",
                        "increment_bunch_amount": 1.0
                    }
                },
                {
                    "id": "24350",
                    "limit": 1000,
                    "badges": {
                        "is_water": false,
                        "requires_age_check": false
                    },
                    "packaging": "Peça",
                    "thumbnail": "https://prod-mercadona.imgix.net/20190521/50/24350/vlc1/24350_00_02.jpg?fit=crop&h=206&w=206",
                    "display_name": "Filet de salmó rosat salvatge amb pell Mascato congelat",
                    "bunch_selector": false,
                    "price_instructions": {
                        "iva": 10,
                        "is_new": false,
                        "is_pack": false,
                        "pack_size": null,
                        "unit_name": null,
                        "unit_size": null,
                        "bulk_price": "9.60",
                        "unit_price": "2.88",
                        "approx_size": true,
                        "size_format": "kg",
                        "total_units": null,
                        "unit_selector": true,
                        "bunch_selector": false,
                        "drained_weight": 0.3,
                        "price_decreased": false,
                        "reference_price": "9.60",
                        "min_bunch_amount": 1.0,
                        "reference_format": "kg",
                        "increment_bunch_amount": 1.0
                    }
                },
                {
                    "id": "24380",
                    "limit": 1000,
                    "badges": {
                        "is_water": false,
                        "requires_age_check": false
                    },
                    "packaging": "Peça",
                    "thumbnail": "https://prod-mercadona.imgix.net/20190521/80/24380/vlc1/24380_00_07.jpg?fit=crop&h=206&w=206",
                    "display_name": "Rodanxa de tintorera amb pell Hacendado congelada",
                    "bunch_selector": false,
                    "price_instructions": {
                        "iva": 10,
                        "is_new": false,
                        "is_pack": false,
                        "pack_size": null,
                        "unit_name": null,
                        "unit_size": null,
                        "bulk_price": "3.85",
                        "unit_price": "2.89",
                        "approx_size": true,
                        "size_format": "kg",
                        "total_units": null,
                        "unit_selector": true,
                        "bunch_selector": false,
                        "drained_weight": 0.75,
                        "price_decreased": false,
                        "reference_price": "3.85",
                        "min_bunch_amount": 1.0,
                        "reference_format": "kg",
                        "increment_bunch_amount": 1.0
                    }
                },
                {
                    "id": "24340",
                    "limit": 1000,
                    "badges": {
                        "is_water": false,
                        "requires_age_check": false
                    },
                    "packaging": "Peça",
                    "thumbnail": "https://prod-mercadona.imgix.net/20190521/40/24340/vlc1/24340_00_02.jpg?fit=crop&h=206&w=206",
                    "display_name": "Cua de rap del Cap Mascato congelada",
                    "bunch_selector": false,
                    "price_instructions": {
                        "iva": 10,
                        "is_new": false,
                        "is_pack": false,
                        "pack_size": null,
                        "unit_name": null,
                        "unit_size": 0.9,
                        "bulk_price": "13.95",
                        "unit_price": "12.56",
                        "approx_size": true,
                        "size_format": "kg",
                        "total_units": null,
                        "unit_selector": true,
                        "bunch_selector": false,
                        "drained_weight": 0.9,
                        "price_decreased": false,
                        "reference_price": "13.95",
                        "min_bunch_amount": 1.0,
                        "reference_format": "kg",
                        "increment_bunch_amount": 1.0
                    }
                },
                {
                    "id": "24020",
                    "limit": 1000,
                    "badges": {
                        "is_water": false,
                        "requires_age_check": false
                    },
                    "packaging": "Paquet",
                    "thumbnail": "https://prod-mercadona.imgix.net/20190521/20/24020/vlc1/24020_00_02.jpg?fit=crop&h=206&w=206",
                    "display_name": "Llom de bacallà sense espines Maredeus congelat",
                    "bunch_selector": false,
                    "price_instructions": {
                        "iva": 10,
                        "is_new": false,
                        "is_pack": false,
                        "pack_size": null,
                        "unit_name": null,
                        "unit_size": null,
                        "bulk_price": "12.95",
                        "unit_price": "5.05",
                        "approx_size": false,
                        "size_format": "kg",
                        "total_units": null,
                        "unit_selector": true,
                        "bunch_selector": false,
                        "drained_weight": 0.39,
                        "price_decreased": false,
                        "reference_price": "12.95",
                        "min_bunch_amount": 1.0,
                        "reference_format": "kg",
                        "increment_bunch_amount": 1.0
                    }
                },
                {
                    "id": "24344",
                    "limit": 1000,
                    "badges": {
                        "is_water": false,
                        "requires_age_check": false
                    },
                    "packaging": "Peça",
                    "thumbnail": "https://prod-mercadona.imgix.net/20190521/44/24344/vlc1/24344_00_02.jpg?fit=crop&h=206&w=206",
                    "display_name": "Filet d'halibut negre Hacendado congelat",
                    "bunch_selector": false,
                    "price_instructions": {
                        "iva": 10,
                        "is_new": false,
                        "is_pack": false,
                        "pack_size": null,
                        "unit_name": null,
                        "unit_size": null,
                        "bulk_price": "14.00",
                        "unit_price": "4.20",
                        "approx_size": true,
                        "size_format": "kg",
                        "total_units": null,
                        "unit_selector": true,
                        "bunch_selector": false,
                        "drained_weight": 0.3,
                        "price_decreased": false,
                        "reference_price": "14.00",
                        "min_bunch_amount": 1.0,
                        "reference_format": "kg",
                        "increment_bunch_amount": 1.0
                    }
                },
                {
                    "id": "24324",
                    "limit": 1000,
                    "badges": {
                        "is_water": false,
                        "requires_age_check": false
                    },
                    "packaging": "Peça",
                    "thumbnail": "https://prod-mercadona.imgix.net/20190521/24/24324/vlc1/24324_00_07.jpg?fit=crop&h=206&w=206",
                    "display_name": "Lluç del Cap sense cap Hacendado congelat",
                    "bunch_selector": false,
                    "price_instructions": {
                        "iva": 10,
                        "is_new": false,
                        "is_pack": false,
                        "pack_size": null,
                        "unit_name": null,
                        "unit_size": null,
                        "bulk_price": "5.15",
                        "unit_price": "3.60",
                        "approx_size": true,
                        "size_format": "kg",
                        "total_units": null,
                        "unit_selector": true,
                        "bunch_selector": false,
                        "drained_weight": 0.7,
                        "price_decreased": false,
                        "reference_price": "5.15",
                        "min_bunch_amount": 1.0,
                        "reference_format": "kg",
                        "increment_bunch_amount": 1.0
                    }
                },
                {
                    "id": "62149",
                    "limit": 1000,
                    "badges": {
                        "is_water": false,
                        "requires_age_check": false
                    },
                    "packaging": "Paquet",
                    "thumbnail": "https://prod-mercadona.imgix.net/20190521/49/62149/vlc1/62149_00_02.jpg?fit=crop&h=206&w=206",
                    "display_name": "Filets de lluç del Cap grans sense pell Mascato ultracongelats",
                    "bunch_selector": false,
                    "price_instructions": {
                        "iva": 10,
                        "is_new": false,
                        "is_pack": false,
                        "pack_size": null,
                        "unit_name": null,
                        "unit_size": null,
                        "bulk_price": "7.53",
                        "unit_price": "7.15",
                        "approx_size": false,
                        "size_format": "kg",
                        "total_units": null,
                        "unit_selector": true,
                        "bunch_selector": false,
                        "drained_weight": 0.95,
                        "price_decreased": false,
                        "reference_price": "7.53",
                        "min_bunch_amount": 1.0,
                        "reference_format": "kg",
                        "increment_bunch_amount": 1.0
                    }
                },
                {
                    "id": "24024",
                    "limit": 1000,
                    "badges": {
                        "is_water": false,
                        "requires_age_check": false
                    },
                    "packaging": "Paquet",
                    "thumbnail": "https://prod-mercadona.imgix.net/20190521/24/24024/vlc1/24024_00_02.jpg?fit=crop&h=206&w=206",
                    "display_name": "Daus de bacallà sense espines Maredeus congelats",
                    "bunch_selector": false,
                    "price_instructions": {
                        "iva": 10,
                        "is_new": false,
                        "is_pack": false,
                        "pack_size": null,
                        "unit_name": null,
                        "unit_size": null,
                        "bulk_price": "9.95",
                        "unit_price": "3.98",
                        "approx_size": false,
                        "size_format": "kg",
                        "total_units": null,
                        "unit_selector": true,
                        "bunch_selector": false,
                        "drained_weight": 0.4,
                        "price_decreased": false,
                        "reference_price": "9.95",
                        "min_bunch_amount": 1.0,
                        "reference_format": "kg",
                        "increment_bunch_amount": 1.0
                    }
                },
                {
                    "id": "24274",
                    "limit": 1000,
                    "badges": {
                        "is_water": false,
                        "requires_age_check": false
                    },
                    "packaging": "Paquet",
                    "thumbnail": "https://prod-mercadona.imgix.net/20190521/74/24274/vlc1/24274_00_02.jpg?fit=crop&h=206&w=206",
                    "display_name": "Sípia neta trossejada Profand congelada",
                    "bunch_selector": false,
                    "price_instructions": {
                        "iva": 10,
                        "is_new": false,
                        "is_pack": false,
                        "pack_size": null,
                        "unit_name": null,
                        "unit_size": null,
                        "bulk_price": "10.97",
                        "unit_price": "3.95",
                        "approx_size": false,
                        "size_format": "kg",
                        "total_units": null,
                        "unit_selector": true,
                        "bunch_selector": false,
                        "drained_weight": 0.36,
                        "price_decreased": false,
                        "reference_price": "10.97",
                        "min_bunch_amount": 1.0,
                        "reference_format": "kg",
                        "increment_bunch_amount": 1.0
                    }
                },
                {
                    "id": "24242",
                    "limit": 1000,
                    "badges": {
                        "is_water": false,
                        "requires_age_check": false
                    },
                    "packaging": "Paquet",
                    "thumbnail": "https://prod-mercadona.imgix.net/20190521/42/24242/vlc1/24242_00_02.jpg?fit=crop&h=206&w=206",
                    "display_name": "Calamar net trossejat Profand congelat",
                    "bunch_selector": false,
                    "price_instructions": {
                        "iva": 10,
                        "is_new": false,
                        "is_pack": false,
                        "pack_size": null,
                        "unit_name": null,
                        "unit_size": null,
                        "bulk_price": "8.32",
                        "unit_price": "3.95",
                        "approx_size": false,
                        "size_format": "kg",
                        "total_units": null,
                        "unit_selector": true,
                        "bunch_selector": false,
                        "drained_weight": 0.475,
                        "price_decreased": false,
                        "reference_price": "8.32",
                        "min_bunch_amount": 1.0,
                        "reference_format": "kg",
                        "increment_bunch_amount": 1.0
                    }
                },
                {
                    "id": "24234",
                    "limit": 1000,
                    "badges": {
                        "is_water": false,
                        "requires_age_check": false
                    },
                    "packaging": "Paquet",
                    "thumbnail": "https://prod-mercadona.imgix.net/20190521/34/24234/vlc1/24234_00_02.jpg?fit=crop&h=206&w=206",
                    "display_name": "Rodanxa de potes de pota gegant cuites Profand congelades",
                    "bunch_selector": false,
                    "price_instructions": {
                        "iva": 10,
                        "is_new": false,
                        "is_pack": false,
                        "pack_size": null,
                        "unit_name": null,
                        "unit_size": null,
                        "bulk_price": "9.47",
                        "unit_price": "4.50",
                        "approx_size": false,
                        "size_format": "kg",
                        "total_units": null,
                        "unit_selector": true,
                        "bunch_selector": false,
                        "drained_weight": 0.475,
                        "price_decreased": false,
                        "reference_price": "9.47",
                        "min_bunch_amount": 1.0,
                        "reference_format": "kg",
                        "increment_bunch_amount": 1.0
                    }
                },
                {
                    "id": "24206",
                    "limit": 1000,
                    "badges": {
                        "is_water": false,
                        "requires_age_check": false
                    },
                    "packaging": "Paquet",
                    "thumbnail": "https://prod-mercadona.imgix.net/20190521/06/24206/vlc1/24206_00_02.jpg?fit=crop&h=206&w=206",
                    "display_name": "Sípia neta petita Profand congelada",
                    "bunch_selector": false,
                    "price_instructions": {
                        "iva": 10,
                        "is_new": false,
                        "is_pack": false,
                        "pack_size": null,
                        "unit_name": null,
                        "unit_size": null,
                        "bulk_price": "10.97",
                        "unit_price": "3.95",
                        "approx_size": false,
                        "size_format": "kg",
                        "total_units": null,
                        "unit_selector": true,
                        "bunch_selector": false,
                        "drained_weight": 0.36,
                        "price_decreased": false,
                        "reference_price": "10.97",
                        "min_bunch_amount": 1.0,
                        "reference_format": "kg",
                        "increment_bunch_amount": 1.0
                    }
                },
                {
                    "id": "24341",
                    "limit": 1000,
                    "badges": {
                        "is_water": false,
                        "requires_age_check": false
                    },
                    "packaging": "Paquet",
                    "thumbnail": "https://prod-mercadona.imgix.net/20190521/41/24341/vlc1/24341_00_02.jpg?fit=crop&h=206&w=206",
                    "display_name": "Tires de pota gegant Profand congelades",
                    "bunch_selector": false,
                    "price_instructions": {
                        "iva": 10,
                        "is_new": false,
                        "is_pack": false,
                        "pack_size": null,
                        "unit_name": null,
                        "unit_size": null,
                        "bulk_price": "8.75",
                        "unit_price": "3.50",
                        "approx_size": false,
                        "size_format": "kg",
                        "total_units": null,
                        "unit_selector": true,
                        "bunch_selector": false,
                        "drained_weight": 0.4,
                        "price_decreased": false,
                        "reference_price": "8.75",
                        "min_bunch_amount": 1.0,
                        "reference_format": "kg",
                        "increment_bunch_amount": 1.0
                    }
                },
                {
                    "id": "24256",
                    "limit": 1000,
                    "badges": {
                        "is_water": false,
                        "requires_age_check": false
                    },
                    "packaging": "Paquet",
                    "thumbnail": "https://prod-mercadona.imgix.net/20190521/56/24256/vlc1/24256_00_02.jpg?fit=crop&h=206&w=206",
                    "display_name": "Tinta de sípia Nortindal congelada",
                    "bunch_selector": false,
                    "price_instructions": {
                        "iva": 10,
                        "is_new": false,
                        "is_pack": false,
                        "pack_size": null,
                        "unit_name": "u.",
                        "unit_size": 0.032,
                        "bulk_price": "37.50",
                        "unit_price": "1.20",
                        "approx_size": false,
                        "size_format": "kg",
                        "total_units": 8,
                        "unit_selector": true,
                        "bunch_selector": false,
                        "drained_weight": null,
                        "price_decreased": false,
                        "reference_price": "3.75",
                        "min_bunch_amount": 1.0,
                        "reference_format": "100 g",
                        "increment_bunch_amount": 1.0
                    }
                },
                {
                    "id": "24249",
                    "limit": 1000,
                    "badges": {
                        "is_water": false,
                        "requires_age_check": false
                    },
                    "packaging": "Paquet",
                    "thumbnail": "https://prod-mercadona.imgix.net/20190521/49/24249/vlc1/24249_00_02.jpg?fit=crop&h=206&w=206",
                    "display_name": "Anelles de pota Profand congelades",
                    "bunch_selector": false,
                    "price_instructions": {
                        "iva": 10,
                        "is_new": false,
                        "is_pack": false,
                        "pack_size": null,
                        "unit_name": null,
                        "unit_size": null,
                        "bulk_price": "10.97",
                        "unit_price": "3.95",
                        "approx_size": false,
                        "size_format": "kg",
                        "total_units": null,
                        "unit_selector": true,
                        "bunch_selector": false,
                        "drained_weight": 0.36,
                        "price_decreased": false,
                        "reference_price": "10.97",
                        "min_bunch_amount": 1.0,
                        "reference_format": "kg",
                        "increment_bunch_amount": 1.0
                    }
                },
                {
                    "id": "24208",
                    "limit": 1000,
                    "badges": {
                        "is_water": false,
                        "requires_age_check": false
                    },
                    "packaging": "Paquet",
                    "thumbnail": "https://prod-mercadona.imgix.net/20190521/08/24208/vlc1/24208_00_02.jpg?fit=crop&h=206&w=206",
                    "display_name": "Pop cru Profand congelat",
                    "bunch_selector": false,
                    "price_instructions": {
                        "iva": 10,
                        "is_new": false,
                        "is_pack": false,
                        "pack_size": null,
                        "unit_name": null,
                        "unit_size": null,
                        "bulk_price": "12.95",
                        "unit_price": "16.84",
                        "approx_size": true,
                        "size_format": "kg",
                        "total_units": null,
                        "unit_selector": true,
                        "bunch_selector": false,
                        "drained_weight": 1.3,
                        "price_decreased": false,
                        "reference_price": "12.95",
                        "min_bunch_amount": 1.0,
                        "reference_format": "kg",
                        "increment_bunch_amount": 1.0
                    }
                },
                {
                    "id": "24291",
                    "limit": 1000,
                    "badges": {
                        "is_water": false,
                        "requires_age_check": false
                    },
                    "packaging": "Paquet",
                    "thumbnail": "https://prod-mercadona.imgix.net/20190521/91/24291/vlc1/24291_00_02.jpg?fit=crop&h=206&w=206",
                    "display_name": "Calamarsó Hacendado congelat",
                    "bunch_selector": false,
                    "price_instructions": {
                        "iva": 10,
                        "is_new": false,
                        "is_pack": false,
                        "pack_size": null,
                        "unit_name": null,
                        "unit_size": null,
                        "bulk_price": "8.33",
                        "unit_price": "3.75",
                        "approx_size": false,
                        "size_format": "kg",
                        "total_units": null,
                        "unit_selector": true,
                        "bunch_selector": false,
                        "drained_weight": 0.45,
                        "price_decreased": false,
                        "reference_price": "8.33",
                        "min_bunch_amount": 1.0,
                        "reference_format": "kg",
                        "increment_bunch_amount": 1.0
                    }
                },
                {
                    "id": "24266",
                    "limit": 1000,
                    "badges": {
                        "is_water": false,
                        "requires_age_check": false
                    },
                    "packaging": "Paquet",
                    "thumbnail": "https://prod-mercadona.imgix.net/20190521/66/24266/vlc1/24266_00_02.jpg?fit=crop&h=206&w=206",
                    "display_name": "Pop cuit trossejat Profand congelat",
                    "bunch_selector": false,
                    "price_instructions": {
                        "iva": 10,
                        "is_new": false,
                        "is_pack": false,
                        "pack_size": null,
                        "unit_name": null,
                        "unit_size": null,
                        "bulk_price": "24.39",
                        "unit_price": "6.95",
                        "approx_size": false,
                        "size_format": "kg",
                        "total_units": null,
                        "unit_selector": true,
                        "bunch_selector": false,
                        "drained_weight": 0.285,
                        "price_decreased": false,
                        "reference_price": "24.39",
                        "min_bunch_amount": 1.0,
                        "reference_format": "kg",
                        "increment_bunch_amount": 1.0
                    }
                },
                {
                    "id": "63410",
                    "limit": 1000,
                    "badges": {
                        "is_water": false,
                        "requires_age_check": false
                    },
                    "packaging": "Capsa",
                    "thumbnail": "https://prod-mercadona.imgix.net/20190521/10/63410/vlc1/63410_00_02.jpg?fit=crop&h=206&w=206",
                    "display_name": "Crestes petites de tonyina Hacendado ultracongelades",
                    "bunch_selector": false,
                    "price_instructions": {
                        "iva": 10,
                        "is_new": false,
                        "is_pack": false,
                        "pack_size": null,
                        "unit_name": null,
                        "unit_size": 0.5,
                        "bulk_price": "3.30",
                        "unit_price": "1.65",
                        "approx_size": false,
                        "size_format": "kg",
                        "total_units": null,
                        "unit_selector": true,
                        "bunch_selector": false,
                        "drained_weight": null,
                        "price_decreased": false,
                        "reference_price": "3.30",
                        "min_bunch_amount": 1.0,
                        "reference_format": "kg",
                        "increment_bunch_amount": 1.0
                    }
                },
                {
                    "id": "63151",
                    "limit": 1000,
                    "badges": {
                        "is_water": false,
                        "requires_age_check": false
                    },
                    "packaging": "Paquet",
                    "thumbnail": "https://prod-mercadona.imgix.net/20190521/51/63151/vlc1/63151_00_02.jpg?fit=crop&h=206&w=206",
                    "display_name": "Bastonets de lluç a la romana Hacendado ultracongelats",
                    "bunch_selector": false,
                    "price_instructions": {
                        "iva": 10,
                        "is_new": false,
                        "is_pack": false,
                        "pack_size": null,
                        "unit_name": "racions",
                        "unit_size": 0.5,
                        "bulk_price": "3.60",
                        "unit_price": "1.80",
                        "approx_size": false,
                        "size_format": "kg",
                        "total_units": 5,
                        "unit_selector": true,
                        "bunch_selector": false,
                        "drained_weight": null,
                        "price_decreased": false,
                        "reference_price": "3.60",
                        "min_bunch_amount": 1.0,
                        "reference_format": "kg",
                        "increment_bunch_amount": 1.0
                    }
                },
                {
                    "id": "63473",
                    "limit": 1000,
                    "badges": {
                        "is_water": false,
                        "requires_age_check": false
                    },
                    "packaging": "Paquet",
                    "thumbnail": "https://prod-mercadona.imgix.net/20190521/73/63473/vlc1/63473_00_02.jpg?fit=crop&h=206&w=206",
                    "display_name": "Croquetes de bacallà minis Camós congelades",
                    "bunch_selector": false,
                    "price_instructions": {
                        "iva": 10,
                        "is_new": false,
                        "is_pack": false,
                        "pack_size": null,
                        "unit_name": null,
                        "unit_size": 0.3,
                        "bulk_price": "5.67",
                        "unit_price": "1.70",
                        "approx_size": false,
                        "size_format": "kg",
                        "total_units": null,
                        "unit_selector": true,
                        "bunch_selector": false,
                        "drained_weight": null,
                        "price_decreased": false,
                        "reference_price": "5.67",
                        "min_bunch_amount": 1.0,
                        "reference_format": "kg",
                        "increment_bunch_amount": 1.0
                    }
                },
                {
                    "id": "63146",
                    "limit": 1000,
                    "badges": {
                        "is_water": false,
                        "requires_age_check": false
                    },
                    "packaging": "Paquet",
                    "thumbnail": "https://prod-mercadona.imgix.net/20190521/46/63146/vlc1/63146_00_02.jpg?fit=crop&h=206&w=206",
                    "display_name": "Nuggets de lluç Pescanova ultracongelats",
                    "bunch_selector": false,
                    "price_instructions": {
                        "iva": 10,
                        "is_new": false,
                        "is_pack": false,
                        "pack_size": null,
                        "unit_name": null,
                        "unit_size": 0.33,
                        "bulk_price": "6.03",
                        "unit_price": "1.99",
                        "approx_size": false,
                        "size_format": "kg",
                        "total_units": null,
                        "unit_selector": true,
                        "bunch_selector": false,
                        "drained_weight": null,
                        "price_decreased": false,
                        "reference_price": "6.03",
                        "min_bunch_amount": 1.0,
                        "reference_format": "kg",
                        "increment_bunch_amount": 1.0
                    }
                },
                {
                    "id": "63155",
                    "limit": 1000,
                    "badges": {
                        "is_water": false,
                        "requires_age_check": false
                    },
                    "packaging": "Paquet",
                    "thumbnail": "https://prod-mercadona.imgix.net/20190521/55/63155/vlc1/63155_00_02.jpg?fit=crop&h=206&w=206",
                    "display_name": "Calamarsons enfarinats Hacendado ultracongelats",
                    "bunch_selector": false,
                    "price_instructions": {
                        "iva": 10,
                        "is_new": false,
                        "is_pack": false,
                        "pack_size": null,
                        "unit_name": null,
                        "unit_size": 0.4,
                        "bulk_price": "9.25",
                        "unit_price": "3.70",
                        "approx_size": false,
                        "size_format": "kg",
                        "total_units": null,
                        "unit_selector": true,
                        "bunch_selector": false,
                        "drained_weight": null,
                        "price_decreased": false,
                        "reference_price": "9.25",
                        "min_bunch_amount": 1.0,
                        "reference_format": "kg",
                        "increment_bunch_amount": 1.0
                    }
                },
                {
                    "id": "63144",
                    "limit": 1000,
                    "badges": {
                        "is_water": false,
                        "requires_age_check": false
                    },
                    "packaging": "Paquet",
                    "thumbnail": "https://prod-mercadona.imgix.net/20190521/44/63144/vlc1/63144_00_02.jpg?fit=crop&h=206&w=206",
                    "display_name": "Llagostí cavallets arrebossats Hacendado ultracongelats",
                    "bunch_selector": false,
                    "price_instructions": {
                        "iva": 10,
                        "is_new": false,
                        "is_pack": false,
                        "pack_size": null,
                        "unit_name": null,
                        "unit_size": 0.3,
                        "bulk_price": "9.83",
                        "unit_price": "2.95",
                        "approx_size": false,
                        "size_format": "kg",
                        "total_units": null,
                        "unit_selector": true,
                        "bunch_selector": false,
                        "drained_weight": null,
                        "price_decreased": false,
                        "reference_price": "9.83",
                        "min_bunch_amount": 1.0,
                        "reference_format": "kg",
                        "increment_bunch_amount": 1.0
                    }
                },
                {
                    "id": "63114",
                    "limit": 1000,
                    "badges": {
                        "is_water": false,
                        "requires_age_check": false
                    },
                    "packaging": "Paquet",
                    "thumbnail": "https://prod-mercadona.imgix.net/20190521/14/63114/vlc1/63114_00_02.jpg?fit=crop&h=206&w=206",
                    "display_name": "Filets de seitó en tempura Hacendado ultracongelat",
                    "bunch_selector": false,
                    "price_instructions": {
                        "iva": 10,
                        "is_new": false,
                        "is_pack": false,
                        "pack_size": null,
                        "unit_name": null,
                        "unit_size": 0.4,
                        "bulk_price": "7.38",
                        "unit_price": "2.95",
                        "approx_size": false,
                        "size_format": "kg",
                        "total_units": null,
                        "unit_selector": true,
                        "bunch_selector": false,
                        "drained_weight": null,
                        "price_decreased": false,
                        "reference_price": "7.38",
                        "min_bunch_amount": 1.0,
                        "reference_format": "kg",
                        "increment_bunch_amount": 1.0
                    }
                },
                {
                    "id": "63439",
                    "limit": 1000,
                    "badges": {
                        "is_water": false,
                        "requires_age_check": false
                    },
                    "packaging": "Paquet",
                    "thumbnail": "https://prod-mercadona.imgix.net/20190521/39/63439/vlc1/63439_00_02.jpg?fit=crop&h=206&w=206",
                    "display_name": "Croquetes de lluç i gambes Preli ultracongelades",
                    "bunch_selector": false,
                    "price_instructions": {
                        "iva": 10,
                        "is_new": false,
                        "is_pack": false,
                        "pack_size": null,
                        "unit_name": null,
                        "unit_size": 0.35,
                        "bulk_price": "4.29",
                        "unit_price": "1.50",
                        "approx_size": false,
                        "size_format": "kg",
                        "total_units": null,
                        "unit_selector": true,
                        "bunch_selector": false,
                        "drained_weight": null,
                        "price_decreased": false,
                        "reference_price": "4.29",
                        "min_bunch_amount": 1.0,
                        "reference_format": "kg",
                        "increment_bunch_amount": 1.0
                    }
                },
                {
                    "id": "63448",
                    "limit": 1000,
                    "badges": {
                        "is_water": false,
                        "requires_age_check": false
                    },
                    "packaging": "Paquet",
                    "thumbnail": "https://prod-mercadona.imgix.net/20190521/48/63448/vlc1/63448_00_02.jpg?fit=crop&h=206&w=206",
                    "display_name": "Bunyols de bacallà Fresno ultracongelats",
                    "bunch_selector": false,
                    "price_instructions": {
                        "iva": 10,
                        "is_new": false,
                        "is_pack": false,
                        "pack_size": null,
                        "unit_name": null,
                        "unit_size": 0.35,
                        "bulk_price": "5.00",
                        "unit_price": "1.75",
                        "approx_size": false,
                        "size_format": "kg",
                        "total_units": null,
                        "unit_selector": true,
                        "bunch_selector": false,
                        "drained_weight": null,
                        "price_decreased": false,
                        "reference_price": "5.00",
                        "min_bunch_amount": 1.0,
                        "reference_format": "kg",
                        "increment_bunch_amount": 1.0
                    }
                },
                {
                    "id": "62464",
                    "limit": 1000,
                    "badges": {
                        "is_water": false,
                        "requires_age_check": false
                    },
                    "packaging": "Paquet",
                    "thumbnail": "https://prod-mercadona.imgix.net/20190521/64/62464/vlc1/62464_00_02.jpg?fit=crop&h=206&w=206",
                    "display_name": "Xanguets enfarinats Pescanova ultracongelats",
                    "bunch_selector": false,
                    "price_instructions": {
                        "iva": 10,
                        "is_new": false,
                        "is_pack": false,
                        "pack_size": null,
                        "unit_name": null,
                        "unit_size": 0.185,
                        "bulk_price": "8.92",
                        "unit_price": "1.65",
                        "approx_size": false,
                        "size_format": "kg",
                        "total_units": null,
                        "unit_selector": true,
                        "bunch_selector": false,
                        "drained_weight": null,
                        "price_decreased": false,
                        "reference_price": "8.92",
                        "min_bunch_amount": 1.0,
                        "reference_format": "kg",
                        "increment_bunch_amount": 1.0
                    }
                },
                {
                    "id": "24027",
                    "limit": 1000,
                    "badges": {
                        "is_water": false,
                        "requires_age_check": false
                    },
                    "packaging": "Paquet",
                    "thumbnail": "https://prod-mercadona.imgix.net/20190521/27/24027/vlc1/24027_00_02.jpg?fit=crop&h=206&w=206",
                    "display_name": "Rodanxes de rap del Cap sense pell Mascato congelades",
                    "bunch_selector": false,
                    "price_instructions": {
                        "iva": 10,
                        "is_new": false,
                        "is_pack": false,
                        "pack_size": null,
                        "unit_name": null,
                        "unit_size": null,
                        "bulk_price": "19.50",
                        "unit_price": "5.85",
                        "approx_size": true,
                        "size_format": "kg",
                        "total_units": null,
                        "unit_selector": true,
                        "bunch_selector": false,
                        "drained_weight": 0.3,
                        "price_decreased": false,
                        "reference_price": "19.50",
                        "min_bunch_amount": 1.0,
                        "reference_format": "kg",
                        "increment_bunch_amount": 1.0
                    }
                },
                {
                    "id": "24430",
                    "limit": 1000,
                    "badges": {
                        "is_water": false,
                        "requires_age_check": false
                    },
                    "packaging": "Paquet",
                    "thumbnail": "https://prod-mercadona.imgix.net/20190521/30/24430/vlc1/24430_00_02.jpg?fit=crop&h=206&w=206",
                    "display_name": "Lloms de salmó de Noruega sense pell i sense espines Leroy congelats",
                    "bunch_selector": false,
                    "price_instructions": {
                        "iva": 10,
                        "is_new": false,
                        "is_pack": false,
                        "pack_size": null,
                        "unit_name": null,
                        "unit_size": null,
                        "bulk_price": "19.56",
                        "unit_price": "4.89",
                        "approx_size": false,
                        "size_format": "kg",
                        "total_units": null,
                        "unit_selector": true,
                        "bunch_selector": false,
                        "drained_weight": 0.25,
                        "price_decreased": false,
                        "reference_price": "19.56",
                        "min_bunch_amount": 1.0,
                        "reference_format": "kg",
                        "increment_bunch_amount": 1.0
                    }
                },
                {
                    "id": "24023",
                    "limit": 1000,
                    "badges": {
                        "is_water": false,
                        "requires_age_check": false
                    },
                    "packaging": "Paquet",
                    "thumbnail": "https://prod-mercadona.imgix.net/20190521/23/24023/vlc1/24023_00_02.jpg?fit=crop&h=206&w=206",
                    "display_name": "Bacallà esqueixat sense espines i sense pell Maredeus congelat",
                    "bunch_selector": false,
                    "price_instructions": {
                        "iva": 10,
                        "is_new": false,
                        "is_pack": false,
                        "pack_size": null,
                        "unit_name": null,
                        "unit_size": null,
                        "bulk_price": "9.93",
                        "unit_price": "2.98",
                        "approx_size": false,
                        "size_format": "kg",
                        "total_units": null,
                        "unit_selector": true,
                        "bunch_selector": false,
                        "drained_weight": 0.3,
                        "price_decreased": false,
                        "reference_price": "9.93",
                        "min_bunch_amount": 1.0,
                        "reference_format": "kg",
                        "increment_bunch_amount": 1.0
                    }
                },
                {
                    "id": "24025",
                    "limit": 1000,
                    "badges": {
                        "is_water": false,
                        "requires_age_check": false
                    },
                    "packaging": "Paquet",
                    "thumbnail": "https://prod-mercadona.imgix.net/20190521/25/24025/vlc1/24025_00_02.jpg?fit=crop&h=206&w=206",
                    "display_name": "Porcions de bacallà sense espines i sense pell Maredeus congelat",
                    "bunch_selector": false,
                    "price_instructions": {
                        "iva": 10,
                        "is_new": false,
                        "is_pack": false,
                        "pack_size": null,
                        "unit_name": null,
                        "unit_size": null,
                        "bulk_price": "9.97",
                        "unit_price": "5.98",
                        "approx_size": false,
                        "size_format": "kg",
                        "total_units": null,
                        "unit_selector": true,
                        "bunch_selector": false,
                        "drained_weight": 0.6,
                        "price_decreased": false,
                        "reference_price": "9.97",
                        "min_bunch_amount": 1.0,
                        "reference_format": "kg",
                        "increment_bunch_amount": 1.0
                    }
                }
            ],
            "is_extended": false
        },
        {
            "id": 151,
            "name": "Pizzes",
            "layout": 1,
            "products": [
                {
                    "id": "63648",
                    "limit": 1000,
                    "badges": {
                        "is_water": false,
                        "requires_age_check": false
                    },
                    "packaging": "Paquet",
                    "thumbnail": "https://prod-mercadona.imgix.net/20190521/48/63648/vlc1/63648_00_02.jpg?fit=crop&h=206&w=206",
                    "display_name": "Bases de pizza artesanes extrafines i cruixents Hacendado ultracongelades",
                    "bunch_selector": false,
                    "price_instructions": {
                        "iva": 10,
                        "is_new": false,
                        "is_pack": false,
                        "pack_size": null,
                        "unit_name": "u.",
                        "unit_size": 0.42,
                        "bulk_price": "4.17",
                        "unit_price": "1.75",
                        "approx_size": false,
                        "size_format": "kg",
                        "total_units": 3,
                        "unit_selector": true,
                        "bunch_selector": false,
                        "drained_weight": null,
                        "price_decreased": false,
                        "reference_price": "4.17",
                        "min_bunch_amount": 1.0,
                        "reference_format": "kg",
                        "increment_bunch_amount": 1.0
                    }
                },
                {
                    "id": "63553",
                    "limit": 1000,
                    "badges": {
                        "is_water": false,
                        "requires_age_check": false
                    },
                    "packaging": "Paquet",
                    "thumbnail": "https://prod-mercadona.imgix.net/20190521/53/63553/vlc1/63553_00_02.jpg?fit=crop&h=206&w=206",
                    "display_name": "Bases de pizza tradicional Preli ultracongelades",
                    "bunch_selector": false,
                    "price_instructions": {
                        "iva": 10,
                        "is_new": false,
                        "is_pack": false,
                        "pack_size": null,
                        "unit_name": "u.",
                        "unit_size": 0.5,
                        "bulk_price": "2.20",
                        "unit_price": "1.10",
                        "approx_size": false,
                        "size_format": "kg",
                        "total_units": 4,
                        "unit_selector": true,
                        "bunch_selector": false,
                        "drained_weight": null,
                        "price_decreased": false,
                        "reference_price": "2.20",
                        "min_bunch_amount": 1.0,
                        "reference_format": "kg",
                        "increment_bunch_amount": 1.0
                    }
                },
                {
                    "id": "63606",
                    "limit": 1000,
                    "badges": {
                        "is_water": false,
                        "requires_age_check": false
                    },
                    "packaging": "Paquet",
                    "thumbnail": "https://prod-mercadona.imgix.net/20190521/06/63606/vlc1/63606_00_07.jpg?fit=crop&h=206&w=206",
                    "display_name": "Bases de pizza sense gluten sense lactosa Hacendado ultracongelades",
                    "bunch_selector": false,
                    "price_instructions": {
                        "iva": 10,
                        "is_new": false,
                        "is_pack": false,
                        "pack_size": null,
                        "unit_name": "u.",
                        "unit_size": 0.4,
                        "bulk_price": "8.75",
                        "unit_price": "3.50",
                        "approx_size": false,
                        "size_format": "kg",
                        "total_units": 2,
                        "unit_selector": true,
                        "bunch_selector": false,
                        "drained_weight": null,
                        "price_decreased": false,
                        "reference_price": "8.75",
                        "min_bunch_amount": 1.0,
                        "reference_format": "kg",
                        "increment_bunch_amount": 1.0
                    }
                },
                {
                    "id": "63338",
                    "limit": 1000,
                    "badges": {
                        "is_water": false,
                        "requires_age_check": false
                    },
                    "packaging": null,
                    "thumbnail": "https://prod-mercadona.imgix.net/20190521/38/63338/vlc1/63338_00_07.jpg?fit=crop&h=206&w=206",
                    "display_name": "Pizza massa fina fajita Hacendado ultracongelada",
                    "bunch_selector": false,
                    "price_instructions": {
                        "iva": 10,
                        "is_new": false,
                        "is_pack": false,
                        "pack_size": null,
                        "unit_name": null,
                        "unit_size": 0.4,
                        "bulk_price": "5.72",
                        "unit_price": "2.29",
                        "approx_size": false,
                        "size_format": "kg",
                        "total_units": null,
                        "unit_selector": true,
                        "bunch_selector": false,
                        "drained_weight": null,
                        "price_decreased": false,
                        "reference_price": "5.72",
                        "min_bunch_amount": 1.0,
                        "reference_format": "kg",
                        "increment_bunch_amount": 1.0
                    }
                },
                {
                    "id": "63326",
                    "limit": 1000,
                    "badges": {
                        "is_water": false,
                        "requires_age_check": false
                    },
                    "packaging": null,
                    "thumbnail": "https://prod-mercadona.imgix.net/20190521/26/63326/vlc1/63326_00_07.jpg?fit=crop&h=206&w=206",
                    "display_name": "Pizza massa fina kebab Hacendado ultracongelada",
                    "bunch_selector": false,
                    "price_instructions": {
                        "iva": 10,
                        "is_new": false,
                        "is_pack": false,
                        "pack_size": null,
                        "unit_name": null,
                        "unit_size": 0.4,
                        "bulk_price": "5.72",
                        "unit_price": "2.29",
                        "approx_size": false,
                        "size_format": "kg",
                        "total_units": null,
                        "unit_selector": true,
                        "bunch_selector": false,
                        "drained_weight": null,
                        "price_decreased": false,
                        "reference_price": "5.72",
                        "min_bunch_amount": 1.0,
                        "reference_format": "kg",
                        "increment_bunch_amount": 1.0
                    }
                },
                {
                    "id": "63339",
                    "limit": 1000,
                    "badges": {
                        "is_water": false,
                        "requires_age_check": false
                    },
                    "packaging": null,
                    "thumbnail": "https://prod-mercadona.imgix.net/20190521/39/63339/vlc1/63339_00_02.jpg?fit=crop&h=206&w=206",
                    "display_name": "Pizza massa fina pernil Hacendado ultracongelada",
                    "bunch_selector": false,
                    "price_instructions": {
                        "iva": 10,
                        "is_new": false,
                        "is_pack": false,
                        "pack_size": null,
                        "unit_name": null,
                        "unit_size": 0.4,
                        "bulk_price": "5.72",
                        "unit_price": "2.29",
                        "approx_size": false,
                        "size_format": "kg",
                        "total_units": null,
                        "unit_selector": true,
                        "bunch_selector": false,
                        "drained_weight": null,
                        "price_decreased": false,
                        "reference_price": "5.72",
                        "min_bunch_amount": 1.0,
                        "reference_format": "kg",
                        "increment_bunch_amount": 1.0
                    }
                },
                {
                    "id": "63325",
                    "limit": 1000,
                    "badges": {
                        "is_water": false,
                        "requires_age_check": false
                    },
                    "packaging": null,
                    "thumbnail": "https://prod-mercadona.imgix.net/20190521/25/63325/vlc1/63325_00_07.jpg?fit=crop&h=206&w=206",
                    "display_name": "Pizza massa fina tonyina Hacendado ultracongelada",
                    "bunch_selector": false,
                    "price_instructions": {
                        "iva": 10,
                        "is_new": false,
                        "is_pack": false,
                        "pack_size": null,
                        "unit_name": null,
                        "unit_size": 0.4,
                        "bulk_price": "5.72",
                        "unit_price": "2.29",
                        "approx_size": false,
                        "size_format": "kg",
                        "total_units": null,
                        "unit_selector": true,
                        "bunch_selector": false,
                        "drained_weight": null,
                        "price_decreased": false,
                        "reference_price": "5.72",
                        "min_bunch_amount": 1.0,
                        "reference_format": "kg",
                        "increment_bunch_amount": 1.0
                    }
                },
                {
                    "id": "63597",
                    "limit": 1000,
                    "badges": {
                        "is_water": false,
                        "requires_age_check": false
                    },
                    "packaging": "Paquet-2",
                    "thumbnail": "https://prod-mercadona.imgix.net/20190521/97/63597/vlc1/63597_00_07.jpg?fit=crop&h=206&w=206",
                    "display_name": "Pizzes tomàquet i formatge Hacendado ultracongelades",
                    "bunch_selector": false,
                    "price_instructions": {
                        "iva": 10,
                        "is_new": false,
                        "is_pack": true,
                        "pack_size": 0.285,
                        "unit_name": "u.",
                        "unit_size": 0.57,
                        "bulk_price": "3.16",
                        "unit_price": "1.80",
                        "approx_size": false,
                        "size_format": "kg",
                        "total_units": 2,
                        "unit_selector": true,
                        "bunch_selector": false,
                        "drained_weight": null,
                        "price_decreased": false,
                        "reference_price": "3.16",
                        "min_bunch_amount": 1.0,
                        "reference_format": "kg",
                        "increment_bunch_amount": 1.0
                    }
                },
                {
                    "id": "63559",
                    "limit": 1000,
                    "badges": {
                        "is_water": false,
                        "requires_age_check": false
                    },
                    "packaging": null,
                    "thumbnail": "https://prod-mercadona.imgix.net/20190521/59/63559/vlc1/63559_00_07.jpg?fit=crop&h=206&w=206",
                    "display_name": "Pizza bolonyesa Hacendado ultracongelada",
                    "bunch_selector": false,
                    "price_instructions": {
                        "iva": 10,
                        "is_new": false,
                        "is_pack": false,
                        "pack_size": null,
                        "unit_name": null,
                        "unit_size": 0.4,
                        "bulk_price": "5.00",
                        "unit_price": "2.00",
                        "approx_size": false,
                        "size_format": "kg",
                        "total_units": null,
                        "unit_selector": true,
                        "bunch_selector": false,
                        "drained_weight": null,
                        "price_decreased": false,
                        "reference_price": "5.00",
                        "min_bunch_amount": 1.0,
                        "reference_format": "kg",
                        "increment_bunch_amount": 1.0
                    }
                },
                {
                    "id": "63586",
                    "limit": 1000,
                    "badges": {
                        "is_water": false,
                        "requires_age_check": false
                    },
                    "packaging": null,
                    "thumbnail": "https://prod-mercadona.imgix.net/20190521/86/63586/vlc1/63586_00_07.jpg?fit=crop&h=206&w=206",
                    "display_name": "Pizza ibèrica Hacendado ultracongelada",
                    "bunch_selector": false,
                    "price_instructions": {
                        "iva": 10,
                        "is_new": false,
                        "is_pack": false,
                        "pack_size": null,
                        "unit_name": null,
                        "unit_size": 0.38,
                        "bulk_price": "5.26",
                        "unit_price": "2.00",
                        "approx_size": false,
                        "size_format": "kg",
                        "total_units": null,
                        "unit_selector": true,
                        "bunch_selector": false,
                        "drained_weight": null,
                        "price_decreased": false,
                        "reference_price": "5.26",
                        "min_bunch_amount": 1.0,
                        "reference_format": "kg",
                        "increment_bunch_amount": 1.0
                    }
                },
                {
                    "id": "63576",
                    "limit": 1000,
                    "badges": {
                        "is_water": false,
                        "requires_age_check": false
                    },
                    "packaging": null,
                    "thumbnail": "https://prod-mercadona.imgix.net/20190521/76/63576/vlc1/63576_00_02.jpg?fit=crop&h=206&w=206",
                    "display_name": "Pizza reina Hacendado amb crema de formatge fresc",
                    "bunch_selector": false,
                    "price_instructions": {
                        "iva": 10,
                        "is_new": false,
                        "is_pack": false,
                        "pack_size": null,
                        "unit_name": null,
                        "unit_size": 0.39,
                        "bulk_price": "4.85",
                        "unit_price": "1.89",
                        "approx_size": false,
                        "size_format": "kg",
                        "total_units": null,
                        "unit_selector": true,
                        "bunch_selector": false,
                        "drained_weight": null,
                        "price_decreased": false,
                        "reference_price": "4.85",
                        "min_bunch_amount": 1.0,
                        "reference_format": "kg",
                        "increment_bunch_amount": 1.0
                    }
                },
                {
                    "id": "63560",
                    "limit": 1000,
                    "badges": {
                        "is_water": false,
                        "requires_age_check": false
                    },
                    "packaging": null,
                    "thumbnail": "https://prod-mercadona.imgix.net/20190521/60/63560/vlc1/63560_00_07.jpg?fit=crop&h=206&w=206",
                    "display_name": "Pizza camperola Hacendado ultracongelada",
                    "bunch_selector": false,
                    "price_instructions": {
                        "iva": 10,
                        "is_new": false,
                        "is_pack": false,
                        "pack_size": null,
                        "unit_name": null,
                        "unit_size": 0.39,
                        "bulk_price": "5.13",
                        "unit_price": "2.00",
                        "approx_size": false,
                        "size_format": "kg",
                        "total_units": null,
                        "unit_selector": true,
                        "bunch_selector": false,
                        "drained_weight": null,
                        "price_decreased": false,
                        "reference_price": "5.13",
                        "min_bunch_amount": 1.0,
                        "reference_format": "kg",
                        "increment_bunch_amount": 1.0
                    }
                },
                {
                    "id": "63607",
                    "limit": 1000,
                    "badges": {
                        "is_water": false,
                        "requires_age_check": false
                    },
                    "packaging": null,
                    "thumbnail": "https://prod-mercadona.imgix.net/20190521/07/63607/vlc1/63607_00_07.jpg?fit=crop&h=206&w=206",
                    "display_name": "Pizza mozzarella i pesto Hacendado ultracongelada",
                    "bunch_selector": false,
                    "price_instructions": {
                        "iva": 10,
                        "is_new": false,
                        "is_pack": false,
                        "pack_size": null,
                        "unit_name": null,
                        "unit_size": 0.4,
                        "bulk_price": "5.00",
                        "unit_price": "2.00",
                        "approx_size": false,
                        "size_format": "kg",
                        "total_units": null,
                        "unit_selector": true,
                        "bunch_selector": false,
                        "drained_weight": null,
                        "price_decreased": false,
                        "reference_price": "5.00",
                        "min_bunch_amount": 1.0,
                        "reference_format": "kg",
                        "increment_bunch_amount": 1.0
                    }
                },
                {
                    "id": "63571",
                    "limit": 1000,
                    "badges": {
                        "is_water": false,
                        "requires_age_check": false
                    },
                    "packaging": null,
                    "thumbnail": "https://prod-mercadona.imgix.net/20190521/71/63571/vlc1/63571_00_07.jpg?fit=crop&h=206&w=206",
                    "display_name": "Pizza salmó i gambes Hacendado ultracongelada",
                    "bunch_selector": false,
                    "price_instructions": {
                        "iva": 10,
                        "is_new": false,
                        "is_pack": false,
                        "pack_size": null,
                        "unit_name": null,
                        "unit_size": 0.39,
                        "bulk_price": "5.13",
                        "unit_price": "2.00",
                        "approx_size": false,
                        "size_format": "kg",
                        "total_units": null,
                        "unit_selector": true,
                        "bunch_selector": false,
                        "drained_weight": null,
                        "price_decreased": false,
                        "reference_price": "5.13",
                        "min_bunch_amount": 1.0,
                        "reference_format": "kg",
                        "increment_bunch_amount": 1.0
                    }
                },
                {
                    "id": "63340",
                    "limit": 1000,
                    "badges": {
                        "is_water": false,
                        "requires_age_check": false
                    },
                    "packaging": null,
                    "thumbnail": "https://prod-mercadona.imgix.net/20190521/40/63340/vlc1/63340_00_02.jpg?fit=crop&h=206&w=206",
                    "display_name": "Pizza massa fina 4 formatges Hacendado ultracongelada",
                    "bunch_selector": false,
                    "price_instructions": {
                        "iva": 10,
                        "is_new": false,
                        "is_pack": false,
                        "pack_size": null,
                        "unit_name": null,
                        "unit_size": 0.39,
                        "bulk_price": "5.87",
                        "unit_price": "2.29",
                        "approx_size": false,
                        "size_format": "kg",
                        "total_units": null,
                        "unit_selector": true,
                        "bunch_selector": false,
                        "drained_weight": null,
                        "price_decreased": false,
                        "reference_price": "5.87",
                        "min_bunch_amount": 1.0,
                        "reference_format": "kg",
                        "increment_bunch_amount": 1.0
                    }
                },
                {
                    "id": "63501",
                    "limit": 1000,
                    "badges": {
                        "is_water": false,
                        "requires_age_check": false
                    },
                    "packaging": null,
                    "thumbnail": "https://prod-mercadona.imgix.net/20190521/01/63501/vlc1/63501_00_02.jpg?fit=crop&h=206&w=206",
                    "display_name": "Pizza tonyina Hacendado ultracongelada",
                    "bunch_selector": false,
                    "price_instructions": {
                        "iva": 10,
                        "is_new": false,
                        "is_pack": false,
                        "pack_size": null,
                        "unit_name": null,
                        "unit_size": 0.39,
                        "bulk_price": "5.13",
                        "unit_price": "2.00",
                        "approx_size": false,
                        "size_format": "kg",
                        "total_units": null,
                        "unit_selector": true,
                        "bunch_selector": false,
                        "drained_weight": null,
                        "price_decreased": false,
                        "reference_price": "5.13",
                        "min_bunch_amount": 1.0,
                        "reference_format": "kg",
                        "increment_bunch_amount": 1.0
                    }
                },
                {
                    "id": "63649",
                    "limit": 1000,
                    "badges": {
                        "is_water": false,
                        "requires_age_check": false
                    },
                    "packaging": "Capsa",
                    "thumbnail": "https://prod-mercadona.imgix.net/20190521/49/63649/vlc1/63649_00_02.jpg?fit=crop&h=206&w=206",
                    "display_name": "Pizza vegana amb ruca i tomàquet sec Hacendado congelada",
                    "bunch_selector": false,
                    "price_instructions": {
                        "iva": 10,
                        "is_new": false,
                        "is_pack": false,
                        "pack_size": null,
                        "unit_name": null,
                        "unit_size": 0.4,
                        "bulk_price": "7.38",
                        "unit_price": "2.95",
                        "approx_size": false,
                        "size_format": "kg",
                        "total_units": null,
                        "unit_selector": true,
                        "bunch_selector": false,
                        "drained_weight": null,
                        "price_decreased": false,
                        "reference_price": "7.38",
                        "min_bunch_amount": 1.0,
                        "reference_format": "kg",
                        "increment_bunch_amount": 1.0
                    }
                },
                {
                    "id": "63642",
                    "limit": 1000,
                    "badges": {
                        "is_water": false,
                        "requires_age_check": false
                    },
                    "packaging": null,
                    "thumbnail": "https://prod-mercadona.imgix.net/20190521/42/63642/vlc1/63642_00_02.jpg?fit=crop&h=206&w=206",
                    "display_name": "Pizza 4 formatges farcida de gorgonzola Hacendado ultracongelada",
                    "bunch_selector": false,
                    "price_instructions": {
                        "iva": 10,
                        "is_new": false,
                        "is_pack": false,
                        "pack_size": null,
                        "unit_name": null,
                        "unit_size": 0.54,
                        "bulk_price": "5.54",
                        "unit_price": "2.99",
                        "approx_size": false,
                        "size_format": "kg",
                        "total_units": null,
                        "unit_selector": true,
                        "bunch_selector": false,
                        "drained_weight": null,
                        "price_decreased": false,
                        "reference_price": "5.54",
                        "min_bunch_amount": 1.0,
                        "reference_format": "kg",
                        "increment_bunch_amount": 1.0
                    }
                },
                {
                    "id": "63644",
                    "limit": 1000,
                    "badges": {
                        "is_water": false,
                        "requires_age_check": false
                    },
                    "packaging": null,
                    "thumbnail": "https://prod-mercadona.imgix.net/20190521/44/63644/vlc1/63644_00_02.jpg?fit=crop&h=206&w=206",
                    "display_name": "Pizza estacione farcida de formatge Hacendado ultracongelada",
                    "bunch_selector": false,
                    "price_instructions": {
                        "iva": 10,
                        "is_new": false,
                        "is_pack": false,
                        "pack_size": null,
                        "unit_name": null,
                        "unit_size": 0.54,
                        "bulk_price": "5.54",
                        "unit_price": "2.99",
                        "approx_size": false,
                        "size_format": "kg",
                        "total_units": null,
                        "unit_selector": true,
                        "bunch_selector": false,
                        "drained_weight": null,
                        "price_decreased": false,
                        "reference_price": "5.54",
                        "min_bunch_amount": 1.0,
                        "reference_format": "kg",
                        "increment_bunch_amount": 1.0
                    }
                },
                {
                    "id": "63643",
                    "limit": 1000,
                    "badges": {
                        "is_water": false,
                        "requires_age_check": false
                    },
                    "packaging": null,
                    "thumbnail": "https://prod-mercadona.imgix.net/20190521/43/63643/vlc1/63643_00_02.jpg?fit=crop&h=206&w=206",
                    "display_name": "Pizza americana farcida de cheddar Hacendado ultracongelada",
                    "bunch_selector": false,
                    "price_instructions": {
                        "iva": 10,
                        "is_new": false,
                        "is_pack": false,
                        "pack_size": null,
                        "unit_name": null,
                        "unit_size": 0.54,
                        "bulk_price": "5.54",
                        "unit_price": "2.99",
                        "approx_size": false,
                        "size_format": "kg",
                        "total_units": null,
                        "unit_selector": true,
                        "bunch_selector": false,
                        "drained_weight": null,
                        "price_decreased": false,
                        "reference_price": "5.54",
                        "min_bunch_amount": 1.0,
                        "reference_format": "kg",
                        "increment_bunch_amount": 1.0
                    }
                },
                {
                    "id": "63328",
                    "limit": 1000,
                    "badges": {
                        "is_water": false,
                        "requires_age_check": false
                    },
                    "packaging": "Capsa",
                    "thumbnail": "https://prod-mercadona.imgix.net/20190521/28/63328/vlc1/63328_00_02.jpg?fit=crop&h=206&w=206",
                    "display_name": "Pizza vora farcida de frankfurt Hacendado ultracongelada",
                    "bunch_selector": false,
                    "price_instructions": {
                        "iva": 10,
                        "is_new": false,
                        "is_pack": false,
                        "pack_size": null,
                        "unit_name": null,
                        "unit_size": 0.53,
                        "bulk_price": "5.61",
                        "unit_price": "2.99",
                        "approx_size": false,
                        "size_format": "kg",
                        "total_units": null,
                        "unit_selector": true,
                        "bunch_selector": false,
                        "drained_weight": null,
                        "price_decreased": false,
                        "reference_price": "5.61",
                        "min_bunch_amount": 1.0,
                        "reference_format": "kg",
                        "increment_bunch_amount": 1.0
                    }
                },
                {
                    "id": "63595",
                    "limit": 1000,
                    "badges": {
                        "is_water": false,
                        "requires_age_check": false
                    },
                    "packaging": "Paquet",
                    "thumbnail": "https://prod-mercadona.imgix.net/20190521/95/63595/vlc1/63595_00_07.jpg?fit=crop&h=206&w=206",
                    "display_name": "Pizzes petites pernil i formatge Hacendado ultracongelades",
                    "bunch_selector": false,
                    "price_instructions": {
                        "iva": 10,
                        "is_new": false,
                        "is_pack": false,
                        "pack_size": null,
                        "unit_name": "u.",
                        "unit_size": 0.29,
                        "bulk_price": "6.86",
                        "unit_price": "1.99",
                        "approx_size": false,
                        "size_format": "kg",
                        "total_units": 6,
                        "unit_selector": true,
                        "bunch_selector": false,
                        "drained_weight": null,
                        "price_decreased": false,
                        "reference_price": "6.86",
                        "min_bunch_amount": 1.0,
                        "reference_format": "kg",
                        "increment_bunch_amount": 1.0
                    }
                },
                {
                    "id": "63601",
                    "limit": 1000,
                    "badges": {
                        "is_water": false,
                        "requires_age_check": false
                    },
                    "packaging": "Paquet",
                    "thumbnail": "https://prod-mercadona.imgix.net/20190521/01/63601/vlc1/63601_00_07.jpg?fit=crop&h=206&w=206",
                    "display_name": "Pizzes petites barbacoa amb bacó Hacendado ultracongelades",
                    "bunch_selector": false,
                    "price_instructions": {
                        "iva": 10,
                        "is_new": false,
                        "is_pack": false,
                        "pack_size": null,
                        "unit_name": "u.",
                        "unit_size": 0.29,
                        "bulk_price": "6.86",
                        "unit_price": "1.99",
                        "approx_size": false,
                        "size_format": "kg",
                        "total_units": 6,
                        "unit_selector": true,
                        "bunch_selector": false,
                        "drained_weight": null,
                        "price_decreased": false,
                        "reference_price": "6.86",
                        "min_bunch_amount": 1.0,
                        "reference_format": "kg",
                        "increment_bunch_amount": 1.0
                    }
                },
                {
                    "id": "63624",
                    "limit": 1000,
                    "badges": {
                        "is_water": false,
                        "requires_age_check": false
                    },
                    "packaging": null,
                    "thumbnail": "https://prod-mercadona.imgix.net/20190521/24/63624/vlc1/63624_00_02.jpg?fit=crop&h=206&w=206",
                    "display_name": "Pizza pernil i formatge sense gluten i sense lactosa Hacendado ultracongelada",
                    "bunch_selector": false,
                    "price_instructions": {
                        "iva": 10,
                        "is_new": false,
                        "is_pack": false,
                        "pack_size": null,
                        "unit_name": null,
                        "unit_size": 0.42,
                        "bulk_price": "7.12",
                        "unit_price": "2.99",
                        "approx_size": false,
                        "size_format": "kg",
                        "total_units": null,
                        "unit_selector": true,
                        "bunch_selector": false,
                        "drained_weight": null,
                        "price_decreased": false,
                        "reference_price": "7.12",
                        "min_bunch_amount": 1.0,
                        "reference_format": "kg",
                        "increment_bunch_amount": 1.0
                    }
                },
                {
                    "id": "63623",
                    "limit": 1000,
                    "badges": {
                        "is_water": false,
                        "requires_age_check": false
                    },
                    "packaging": null,
                    "thumbnail": "https://prod-mercadona.imgix.net/20190521/23/63623/vlc1/63623_00_07.jpg?fit=crop&h=206&w=206",
                    "display_name": "Pizza 4 formatges sense gluten i sense lactosa Hacendado ultracongelada",
                    "bunch_selector": false,
                    "price_instructions": {
                        "iva": 10,
                        "is_new": false,
                        "is_pack": false,
                        "pack_size": null,
                        "unit_name": null,
                        "unit_size": 0.41,
                        "bulk_price": "7.29",
                        "unit_price": "2.99",
                        "approx_size": false,
                        "size_format": "kg",
                        "total_units": null,
                        "unit_selector": true,
                        "bunch_selector": false,
                        "drained_weight": null,
                        "price_decreased": false,
                        "reference_price": "7.29",
                        "min_bunch_amount": 1.0,
                        "reference_format": "kg",
                        "increment_bunch_amount": 1.0
                    }
                }
            ],
            "is_extended": false
        },
        {
            "id": 152,
            "name": "Pastissos i xurros",
            "layout": 1,
            "products": [
                {
                    "id": "87571",
                    "limit": 1000,
                    "badges": {
                        "is_water": false,
                        "requires_age_check": false
                    },
                    "packaging": null,
                    "thumbnail": "https://prod-mercadona.imgix.net/20190521/71/87571/vlc1/87571_00_01.jpg?fit=crop&h=206&w=206",
                    "display_name": "Pastís infantil Hot Wheels congelat",
                    "bunch_selector": false,
                    "price_instructions": {
                        "iva": 10,
                        "is_new": false,
                        "is_pack": false,
                        "pack_size": null,
                        "unit_name": "racions",
                        "unit_size": 1.7,
                        "bulk_price": "5.88",
                        "unit_price": "10.00",
                        "approx_size": false,
                        "size_format": "kg",
                        "total_units": 20,
                        "unit_selector": true,
                        "bunch_selector": false,
                        "drained_weight": null,
                        "price_decreased": false,
                        "reference_price": "5.88",
                        "min_bunch_amount": 1.0,
                        "reference_format": "kg",
                        "increment_bunch_amount": 1.0
                    }
                },
                {
                    "id": "87575",
                    "limit": 1000,
                    "badges": {
                        "is_water": false,
                        "requires_age_check": false
                    },
                    "packaging": null,
                    "thumbnail": "https://prod-mercadona.imgix.net/20190521/75/87575/vlc1/87575_00_01.jpg?fit=crop&h=206&w=206",
                    "display_name": "Pastís infantil Hot Wheels congelat",
                    "bunch_selector": false,
                    "price_instructions": {
                        "iva": 10,
                        "is_new": false,
                        "is_pack": false,
                        "pack_size": null,
                        "unit_name": "racions",
                        "unit_size": 0.75,
                        "bulk_price": "9.33",
                        "unit_price": "7.00",
                        "approx_size": false,
                        "size_format": "kg",
                        "total_units": 8,
                        "unit_selector": true,
                        "bunch_selector": false,
                        "drained_weight": null,
                        "price_decreased": false,
                        "reference_price": "9.33",
                        "min_bunch_amount": 1.0,
                        "reference_format": "kg",
                        "increment_bunch_amount": 1.0
                    }
                },
                {
                    "id": "87574",
                    "limit": 1000,
                    "badges": {
                        "is_water": false,
                        "requires_age_check": false
                    },
                    "packaging": null,
                    "thumbnail": "https://prod-mercadona.imgix.net/20190521/74/87574/vlc1/87574_00_01.jpg?fit=crop&h=206&w=206",
                    "display_name": "Pastís infantil Spiderman congelat",
                    "bunch_selector": false,
                    "price_instructions": {
                        "iva": 10,
                        "is_new": false,
                        "is_pack": false,
                        "pack_size": null,
                        "unit_name": "racions",
                        "unit_size": 0.75,
                        "bulk_price": "9.33",
                        "unit_price": "7.00",
                        "approx_size": false,
                        "size_format": "kg",
                        "total_units": 8,
                        "unit_selector": true,
                        "bunch_selector": false,
                        "drained_weight": null,
                        "price_decreased": false,
                        "reference_price": "9.33",
                        "min_bunch_amount": 1.0,
                        "reference_format": "kg",
                        "increment_bunch_amount": 1.0
                    }
                },
                {
                    "id": "87570",
                    "limit": 1000,
                    "badges": {
                        "is_water": false,
                        "requires_age_check": false
                    },
                    "packaging": null,
                    "thumbnail": "https://prod-mercadona.imgix.net/20190521/70/87570/vlc1/87570_00_01.jpg?fit=crop&h=206&w=206",
                    "display_name": "Pastís infantil Els Venjadors congelat",
                    "bunch_selector": false,
                    "price_instructions": {
                        "iva": 10,
                        "is_new": false,
                        "is_pack": false,
                        "pack_size": null,
                        "unit_name": "racions",
                        "unit_size": 1.7,
                        "bulk_price": "5.88",
                        "unit_price": "10.00",
                        "approx_size": false,
                        "size_format": "kg",
                        "total_units": 20,
                        "unit_selector": true,
                        "bunch_selector": false,
                        "drained_weight": null,
                        "price_decreased": false,
                        "reference_price": "5.88",
                        "min_bunch_amount": 1.0,
                        "reference_format": "kg",
                        "increment_bunch_amount": 1.0
                    }
                },
                {
                    "id": "87573",
                    "limit": 1000,
                    "badges": {
                        "is_water": false,
                        "requires_age_check": false
                    },
                    "packaging": null,
                    "thumbnail": "https://prod-mercadona.imgix.net/20190521/73/87573/vlc1/87573_00_01.jpg?fit=crop&h=206&w=206",
                    "display_name": "Pastís infantil Frozen congelat",
                    "bunch_selector": false,
                    "price_instructions": {
                        "iva": 10,
                        "is_new": false,
                        "is_pack": false,
                        "pack_size": null,
                        "unit_name": "racions",
                        "unit_size": 0.75,
                        "bulk_price": "9.33",
                        "unit_price": "7.00",
                        "approx_size": false,
                        "size_format": "kg",
                        "total_units": 8,
                        "unit_selector": true,
                        "bunch_selector": false,
                        "drained_weight": null,
                        "price_decreased": false,
                        "reference_price": "9.33",
                        "min_bunch_amount": 1.0,
                        "reference_format": "kg",
                        "increment_bunch_amount": 1.0
                    }
                },
                {
                    "id": "87399",
                    "limit": 1000,
                    "badges": {
                        "is_water": false,
                        "requires_age_check": false
                    },
                    "packaging": null,
                    "thumbnail": "https://prod-mercadona.imgix.net/20190521/99/87399/vlc1/87399_00_01.jpg?fit=crop&h=206&w=206",
                    "display_name": "Pastís infantil Frozen congelat",
                    "bunch_selector": false,
                    "price_instructions": {
                        "iva": 10,
                        "is_new": false,
                        "is_pack": false,
                        "pack_size": null,
                        "unit_name": "racions",
                        "unit_size": 1.7,
                        "bulk_price": "5.88",
                        "unit_price": "10.00",
                        "approx_size": false,
                        "size_format": "kg",
                        "total_units": 20,
                        "unit_selector": true,
                        "bunch_selector": false,
                        "drained_weight": null,
                        "price_decreased": false,
                        "reference_price": "5.88",
                        "min_bunch_amount": 1.0,
                        "reference_format": "kg",
                        "increment_bunch_amount": 1.0
                    }
                },
                {
                    "id": "87572",
                    "limit": 1000,
                    "badges": {
                        "is_water": false,
                        "requires_age_check": false
                    },
                    "packaging": null,
                    "thumbnail": "https://prod-mercadona.imgix.net/20190521/72/87572/vlc1/87572_00_01.jpg?fit=crop&h=206&w=206",
                    "display_name": "Pastís infantil It's so Fluffy congelat",
                    "bunch_selector": false,
                    "price_instructions": {
                        "iva": 10,
                        "is_new": false,
                        "is_pack": false,
                        "pack_size": null,
                        "unit_name": "racions",
                        "unit_size": 0.75,
                        "bulk_price": "9.33",
                        "unit_price": "7.00",
                        "approx_size": false,
                        "size_format": "kg",
                        "total_units": 8,
                        "unit_selector": true,
                        "bunch_selector": false,
                        "drained_weight": null,
                        "price_decreased": false,
                        "reference_price": "9.33",
                        "min_bunch_amount": 1.0,
                        "reference_format": "kg",
                        "increment_bunch_amount": 1.0
                    }
                },
                {
                    "id": "87528",
                    "limit": 1000,
                    "badges": {
                        "is_water": false,
                        "requires_age_check": false
                    },
                    "packaging": null,
                    "thumbnail": "https://prod-mercadona.imgix.net/20190521/28/87528/vlc1/87528_00_01.jpg?fit=crop&h=206&w=206",
                    "display_name": "Pastís infantil Minions congelat",
                    "bunch_selector": false,
                    "price_instructions": {
                        "iva": 10,
                        "is_new": false,
                        "is_pack": false,
                        "pack_size": null,
                        "unit_name": "racions",
                        "unit_size": 1.7,
                        "bulk_price": "5.88",
                        "unit_price": "10.00",
                        "approx_size": false,
                        "size_format": "kg",
                        "total_units": 20,
                        "unit_selector": true,
                        "bunch_selector": false,
                        "drained_weight": null,
                        "price_decreased": false,
                        "reference_price": "5.88",
                        "min_bunch_amount": 1.0,
                        "reference_format": "kg",
                        "increment_bunch_amount": 1.0
                    }
                },
                {
                    "id": "24405",
                    "limit": 1000,
                    "badges": {
                        "is_water": false,
                        "requires_age_check": false
                    },
                    "packaging": "Paquet",
                    "thumbnail": "https://prod-mercadona.imgix.net/20190521/05/24405/vlc1/24405_00_02.jpg?fit=crop&h=206&w=206",
                    "display_name": "Xurros Hacendado ultracongelats",
                    "bunch_selector": false,
                    "price_instructions": {
                        "iva": 10,
                        "is_new": false,
                        "is_pack": false,
                        "pack_size": null,
                        "unit_name": "u.",
                        "unit_size": 0.5,
                        "bulk_price": "1.60",
                        "unit_price": "0.80",
                        "approx_size": false,
                        "size_format": "kg",
                        "total_units": 24,
                        "unit_selector": true,
                        "bunch_selector": false,
                        "drained_weight": null,
                        "price_decreased": false,
                        "reference_price": "1.60",
                        "min_bunch_amount": 1.0,
                        "reference_format": "kg",
                        "increment_bunch_amount": 1.0
                    }
                },
                {
                    "id": "24403",
                    "limit": 1000,
                    "badges": {
                        "is_water": false,
                        "requires_age_check": false
                    },
                    "packaging": "Paquet",
                    "thumbnail": "https://prod-mercadona.imgix.net/20190521/03/24403/vlc1/24403_00_02.jpg?fit=crop&h=206&w=206",
                    "display_name": "Porres fregides Hacendado ultracongelades",
                    "bunch_selector": false,
                    "price_instructions": {
                        "iva": 10,
                        "is_new": false,
                        "is_pack": false,
                        "pack_size": null,
                        "unit_name": "u.",
                        "unit_size": 0.3,
                        "bulk_price": "5.83",
                        "unit_price": "1.75",
                        "approx_size": false,
                        "size_format": "kg",
                        "total_units": 6,
                        "unit_selector": true,
                        "bunch_selector": false,
                        "drained_weight": null,
                        "price_decreased": false,
                        "reference_price": "5.83",
                        "min_bunch_amount": 1.0,
                        "reference_format": "kg",
                        "increment_bunch_amount": 1.0
                    }
                },
                {
                    "id": "24407",
                    "limit": 1000,
                    "badges": {
                        "is_water": false,
                        "requires_age_check": false
                    },
                    "packaging": "Paquet",
                    "thumbnail": "https://prod-mercadona.imgix.net/20190521/07/24407/vlc1/24407_00_02.jpg?fit=crop&h=206&w=206",
                    "display_name": "Xurros sense gluten Hacendado ultracongelats",
                    "bunch_selector": false,
                    "price_instructions": {
                        "iva": 10,
                        "is_new": false,
                        "is_pack": false,
                        "pack_size": null,
                        "unit_name": "u.",
                        "unit_size": 0.15,
                        "bulk_price": "17.33",
                        "unit_price": "2.60",
                        "approx_size": false,
                        "size_format": "kg",
                        "total_units": 8,
                        "unit_selector": true,
                        "bunch_selector": false,
                        "drained_weight": null,
                        "price_decreased": false,
                        "reference_price": "17.33",
                        "min_bunch_amount": 1.0,
                        "reference_format": "kg",
                        "increment_bunch_amount": 1.0
                    }
                },
                {
                    "id": "87597",
                    "limit": 1000,
                    "badges": {
                        "is_water": false,
                        "requires_age_check": false
                    },
                    "packaging": "Safata",
                    "thumbnail": "https://prod-mercadona.imgix.net/20190521/97/87597/vlc1/87597_00_01.jpg?fit=crop&h=206&w=206",
                    "display_name": "Trufes de xocolata congeladas",
                    "bunch_selector": false,
                    "price_instructions": {
                        "iva": 10,
                        "is_new": false,
                        "is_pack": false,
                        "pack_size": null,
                        "unit_name": "u.",
                        "unit_size": 0.204,
                        "bulk_price": "16.18",
                        "unit_price": "3.30",
                        "approx_size": false,
                        "size_format": "kg",
                        "total_units": 12,
                        "unit_selector": true,
                        "bunch_selector": false,
                        "drained_weight": null,
                        "price_decreased": false,
                        "reference_price": "16.18",
                        "min_bunch_amount": 1.0,
                        "reference_format": "kg",
                        "increment_bunch_amount": 1.0
                    }
                },
                {
                    "id": "85781",
                    "limit": 1000,
                    "badges": {
                        "is_water": false,
                        "requires_age_check": false
                    },
                    "packaging": null,
                    "thumbnail": "https://prod-mercadona.imgix.net/20190521/81/85781/vlc1/85781_00_07.jpg?fit=crop&h=206&w=206",
                    "display_name": "Pastís de tiramisú Deleites congelat",
                    "bunch_selector": false,
                    "price_instructions": {
                        "iva": 10,
                        "is_new": false,
                        "is_pack": false,
                        "pack_size": null,
                        "unit_name": "racions",
                        "unit_size": 0.52,
                        "bulk_price": "10.58",
                        "unit_price": "5.50",
                        "approx_size": false,
                        "size_format": "kg",
                        "total_units": 6,
                        "unit_selector": true,
                        "bunch_selector": false,
                        "drained_weight": null,
                        "price_decreased": false,
                        "reference_price": "10.58",
                        "min_bunch_amount": 1.0,
                        "reference_format": "kg",
                        "increment_bunch_amount": 1.0
                    }
                },
                {
                    "id": "87524",
                    "limit": 1000,
                    "badges": {
                        "is_water": false,
                        "requires_age_check": false
                    },
                    "packaging": null,
                    "thumbnail": "https://prod-mercadona.imgix.net/20190521/24/87524/vlc1/87524_00_10.jpg?fit=crop&h=206&w=206",
                    "display_name": "Mousse de xocolata Deleites congelada",
                    "bunch_selector": false,
                    "price_instructions": {
                        "iva": 10,
                        "is_new": false,
                        "is_pack": false,
                        "pack_size": null,
                        "unit_name": "racions",
                        "unit_size": 0.9,
                        "bulk_price": "8.89",
                        "unit_price": "8.00",
                        "approx_size": false,
                        "size_format": "kg",
                        "total_units": 12,
                        "unit_selector": true,
                        "bunch_selector": false,
                        "drained_weight": null,
                        "price_decreased": false,
                        "reference_price": "8.89",
                        "min_bunch_amount": 1.0,
                        "reference_format": "kg",
                        "increment_bunch_amount": 1.0
                    }
                },
                {
                    "id": "87518",
                    "limit": 1000,
                    "badges": {
                        "is_water": false,
                        "requires_age_check": false
                    },
                    "packaging": null,
                    "thumbnail": "https://prod-mercadona.imgix.net/20190521/18/87518/vlc1/87518_00_01.jpg?fit=crop&h=206&w=206",
                    "display_name": "Braç de crema Hacendado congelat",
                    "bunch_selector": false,
                    "price_instructions": {
                        "iva": 10,
                        "is_new": false,
                        "is_pack": false,
                        "pack_size": null,
                        "unit_name": "racions",
                        "unit_size": 0.5,
                        "bulk_price": "10.00",
                        "unit_price": "5.00",
                        "approx_size": false,
                        "size_format": "kg",
                        "total_units": 8,
                        "unit_selector": true,
                        "bunch_selector": false,
                        "drained_weight": null,
                        "price_decreased": false,
                        "reference_price": "10.00",
                        "min_bunch_amount": 1.0,
                        "reference_format": "kg",
                        "increment_bunch_amount": 1.0
                    }
                },
                {
                    "id": "87410",
                    "limit": 1000,
                    "badges": {
                        "is_water": false,
                        "requires_age_check": false
                    },
                    "packaging": null,
                    "thumbnail": "https://prod-mercadona.imgix.net/20190521/10/87410/vlc1/87410_00_07.jpg?fit=crop&h=206&w=206",
                    "display_name": "Pastís sant Marc Deleites congelat",
                    "bunch_selector": false,
                    "price_instructions": {
                        "iva": 10,
                        "is_new": false,
                        "is_pack": false,
                        "pack_size": null,
                        "unit_name": "racions",
                        "unit_size": 1.6,
                        "bulk_price": "5.62",
                        "unit_price": "9.00",
                        "approx_size": false,
                        "size_format": "kg",
                        "total_units": 24,
                        "unit_selector": true,
                        "bunch_selector": false,
                        "drained_weight": null,
                        "price_decreased": false,
                        "reference_price": "5.62",
                        "min_bunch_amount": 1.0,
                        "reference_format": "kg",
                        "increment_bunch_amount": 1.0
                    }
                },
                {
                    "id": "87858",
                    "limit": 1000,
                    "badges": {
                        "is_water": false,
                        "requires_age_check": false
                    },
                    "packaging": null,
                    "thumbnail": "https://prod-mercadona.imgix.net/20190521/58/87858/vlc1/87858_00_07.jpg?fit=crop&h=206&w=206",
                    "display_name": "Pastís de l'àvia San Martín congelat",
                    "bunch_selector": false,
                    "price_instructions": {
                        "iva": 10,
                        "is_new": false,
                        "is_pack": false,
                        "pack_size": null,
                        "unit_name": "racions",
                        "unit_size": 0.825,
                        "bulk_price": "8.48",
                        "unit_price": "7.00",
                        "approx_size": false,
                        "size_format": "kg",
                        "total_units": 10,
                        "unit_selector": true,
                        "bunch_selector": false,
                        "drained_weight": null,
                        "price_decreased": false,
                        "reference_price": "8.48",
                        "min_bunch_amount": 1.0,
                        "reference_format": "kg",
                        "increment_bunch_amount": 1.0
                    }
                },
                {
                    "id": "87550",
                    "limit": 1000,
                    "badges": {
                        "is_water": false,
                        "requires_age_check": false
                    },
                    "packaging": "Capsa",
                    "thumbnail": "https://prod-mercadona.imgix.net/20190521/50/87550/vlc1/87550_00_07.jpg?fit=crop&h=206&w=206",
                    "display_name": "Pastís d'ametlla Almondy congelat",
                    "bunch_selector": false,
                    "price_instructions": {
                        "iva": 10,
                        "is_new": false,
                        "is_pack": false,
                        "pack_size": null,
                        "unit_name": "racions",
                        "unit_size": 0.6,
                        "bulk_price": "10.00",
                        "unit_price": "6.00",
                        "approx_size": false,
                        "size_format": "kg",
                        "total_units": 8,
                        "unit_selector": true,
                        "bunch_selector": false,
                        "drained_weight": null,
                        "price_decreased": false,
                        "reference_price": "10.00",
                        "min_bunch_amount": 1.0,
                        "reference_format": "kg",
                        "increment_bunch_amount": 1.0
                    }
                },
                {
                    "id": "87557",
                    "limit": 1000,
                    "badges": {
                        "is_water": false,
                        "requires_age_check": false
                    },
                    "packaging": null,
                    "thumbnail": "https://prod-mercadona.imgix.net/20190521/57/87557/vlc1/87557_00_07.jpg?fit=crop&h=206&w=206",
                    "display_name": "Mousse de formatge Deleites congelada",
                    "bunch_selector": false,
                    "price_instructions": {
                        "iva": 10,
                        "is_new": false,
                        "is_pack": false,
                        "pack_size": null,
                        "unit_name": "racions",
                        "unit_size": 0.52,
                        "bulk_price": "12.12",
                        "unit_price": "6.30",
                        "approx_size": false,
                        "size_format": "kg",
                        "total_units": 6,
                        "unit_selector": true,
                        "bunch_selector": false,
                        "drained_weight": null,
                        "price_decreased": false,
                        "reference_price": "12.12",
                        "min_bunch_amount": 1.0,
                        "reference_format": "kg",
                        "increment_bunch_amount": 1.0
                    }
                },
                {
                    "id": "87564",
                    "limit": 1000,
                    "badges": {
                        "is_water": false,
                        "requires_age_check": false
                    },
                    "packaging": null,
                    "thumbnail": "https://prod-mercadona.imgix.net/20190521/64/87564/vlc1/87564_00_01.jpg?fit=crop&h=206&w=206",
                    "display_name": "Pastís massini Hacendado congelat",
                    "bunch_selector": false,
                    "price_instructions": {
                        "iva": 10,
                        "is_new": false,
                        "is_pack": false,
                        "pack_size": null,
                        "unit_name": "racions",
                        "unit_size": 0.79,
                        "bulk_price": "11.39",
                        "unit_price": "9.00",
                        "approx_size": false,
                        "size_format": "kg",
                        "total_units": 10,
                        "unit_selector": true,
                        "bunch_selector": false,
                        "drained_weight": null,
                        "price_decreased": false,
                        "reference_price": "11.39",
                        "min_bunch_amount": 1.0,
                        "reference_format": "kg",
                        "increment_bunch_amount": 1.0
                    }
                },
                {
                    "id": "87581",
                    "limit": 1000,
                    "badges": {
                        "is_water": false,
                        "requires_age_check": false
                    },
                    "packaging": null,
                    "thumbnail": "https://prod-mercadona.imgix.net/20190521/81/87581/vlc1/87581_00_10.jpg?fit=crop&h=206&w=206",
                    "display_name": "Pastís blanc Hacendado congelat",
                    "bunch_selector": false,
                    "price_instructions": {
                        "iva": 10,
                        "is_new": false,
                        "is_pack": false,
                        "pack_size": null,
                        "unit_name": "racions",
                        "unit_size": 0.5,
                        "bulk_price": "10.00",
                        "unit_price": "5.00",
                        "approx_size": false,
                        "size_format": "kg",
                        "total_units": 6,
                        "unit_selector": true,
                        "bunch_selector": false,
                        "drained_weight": null,
                        "price_decreased": false,
                        "reference_price": "10.00",
                        "min_bunch_amount": 1.0,
                        "reference_format": "kg",
                        "increment_bunch_amount": 1.0
                    }
                },
                {
                    "id": "87398",
                    "limit": 1000,
                    "badges": {
                        "is_water": false,
                        "requires_age_check": false
                    },
                    "packaging": null,
                    "thumbnail": "https://prod-mercadona.imgix.net/20190521/98/87398/vlc1/87398_00_07.jpg?fit=crop&h=206&w=206",
                    "display_name": "Mousse de llimona Deleites congelada",
                    "bunch_selector": false,
                    "price_instructions": {
                        "iva": 10,
                        "is_new": false,
                        "is_pack": false,
                        "pack_size": null,
                        "unit_name": "racions",
                        "unit_size": 0.805,
                        "bulk_price": "9.94",
                        "unit_price": "8.00",
                        "approx_size": false,
                        "size_format": "kg",
                        "total_units": 9,
                        "unit_selector": true,
                        "bunch_selector": false,
                        "drained_weight": null,
                        "price_decreased": false,
                        "reference_price": "9.94",
                        "min_bunch_amount": 1.0,
                        "reference_format": "kg",
                        "increment_bunch_amount": 1.0
                    }
                },
                {
                    "id": "87523",
                    "limit": 1000,
                    "badges": {
                        "is_water": false,
                        "requires_age_check": false
                    },
                    "packaging": null,
                    "thumbnail": "https://prod-mercadona.imgix.net/20190521/23/87523/vlc1/87523_00_07.jpg?fit=crop&h=206&w=206",
                    "display_name": "Pastís selva negra Deleites congelat",
                    "bunch_selector": false,
                    "price_instructions": {
                        "iva": 10,
                        "is_new": false,
                        "is_pack": false,
                        "pack_size": null,
                        "unit_name": "racions",
                        "unit_size": 2.0,
                        "bulk_price": "5.00",
                        "unit_price": "10.00",
                        "approx_size": false,
                        "size_format": "kg",
                        "total_units": 30,
                        "unit_selector": true,
                        "bunch_selector": false,
                        "drained_weight": null,
                        "price_decreased": false,
                        "reference_price": "5.00",
                        "min_bunch_amount": 1.0,
                        "reference_format": "kg",
                        "increment_bunch_amount": 1.0
                    }
                },
                {
                    "id": "87396",
                    "limit": 1000,
                    "badges": {
                        "is_water": false,
                        "requires_age_check": false
                    },
                    "packaging": null,
                    "thumbnail": "https://prod-mercadona.imgix.net/20190521/96/87396/vlc1/87396_00_07.jpg?fit=crop&h=206&w=206",
                    "display_name": "Pastís crema catalana Pastiolot congelat",
                    "bunch_selector": false,
                    "price_instructions": {
                        "iva": 10,
                        "is_new": false,
                        "is_pack": false,
                        "pack_size": null,
                        "unit_name": "racions",
                        "unit_size": 0.575,
                        "bulk_price": "12.17",
                        "unit_price": "7.00",
                        "approx_size": false,
                        "size_format": "kg",
                        "total_units": 6,
                        "unit_selector": true,
                        "bunch_selector": false,
                        "drained_weight": null,
                        "price_decreased": false,
                        "reference_price": "12.17",
                        "min_bunch_amount": 1.0,
                        "reference_format": "kg",
                        "increment_bunch_amount": 1.0
                    }
                },
                {
                    "id": "87526",
                    "limit": 1000,
                    "badges": {
                        "is_water": false,
                        "requires_age_check": false
                    },
                    "packaging": null,
                    "thumbnail": "https://prod-mercadona.imgix.net/20190521/26/87526/vlc1/87526_00_01.jpg?fit=crop&h=206&w=206",
                    "display_name": "Braç de xocolata Hacendado congelat",
                    "bunch_selector": false,
                    "price_instructions": {
                        "iva": 10,
                        "is_new": false,
                        "is_pack": false,
                        "pack_size": null,
                        "unit_name": "racions",
                        "unit_size": 0.5,
                        "bulk_price": "10.00",
                        "unit_price": "5.00",
                        "approx_size": false,
                        "size_format": "kg",
                        "total_units": 8,
                        "unit_selector": true,
                        "bunch_selector": false,
                        "drained_weight": null,
                        "price_decreased": false,
                        "reference_price": "10.00",
                        "min_bunch_amount": 1.0,
                        "reference_format": "kg",
                        "increment_bunch_amount": 1.0
                    }
                }
            ],
            "is_extended": false
        },
        {
            "id": 145,
            "name": "Verdura",
            "layout": 1,
            "products": [
                {
                    "id": "61250",
                    "limit": 1000,
                    "badges": {
                        "is_water": false,
                        "requires_age_check": false
                    },
                    "packaging": "Paquet",
                    "thumbnail": "https://prod-mercadona.imgix.net/20190521/50/61250/vlc1/61250_00_02.jpg?fit=crop&h=206&w=206",
                    "display_name": "Julivert trossejat Hacendado ultracongelat",
                    "bunch_selector": false,
                    "price_instructions": {
                        "iva": 10,
                        "is_new": false,
                        "is_pack": false,
                        "pack_size": null,
                        "unit_name": null,
                        "unit_size": 0.075,
                        "bulk_price": "14.53",
                        "unit_price": "1.09",
                        "approx_size": false,
                        "size_format": "kg",
                        "total_units": null,
                        "unit_selector": true,
                        "bunch_selector": false,
                        "drained_weight": null,
                        "price_decreased": false,
                        "reference_price": "14.53",
                        "min_bunch_amount": 1.0,
                        "reference_format": "kg",
                        "increment_bunch_amount": 1.0
                    }
                },
                {
                    "id": "61371",
                    "limit": 1000,
                    "badges": {
                        "is_water": false,
                        "requires_age_check": false
                    },
                    "packaging": "Paquet",
                    "thumbnail": "https://prod-mercadona.imgix.net/20190521/71/61371/vlc1/61371_00_02.jpg?fit=crop&h=206&w=206",
                    "display_name": "Pebrots del piquillo farcits de bacallà Hacendado ultracongelats",
                    "bunch_selector": false,
                    "price_instructions": {
                        "iva": 10,
                        "is_new": false,
                        "is_pack": false,
                        "pack_size": null,
                        "unit_name": null,
                        "unit_size": 0.185,
                        "bulk_price": "8.65",
                        "unit_price": "1.60",
                        "approx_size": false,
                        "size_format": "kg",
                        "total_units": null,
                        "unit_selector": true,
                        "bunch_selector": false,
                        "drained_weight": null,
                        "price_decreased": false,
                        "reference_price": "8.65",
                        "min_bunch_amount": 1.0,
                        "reference_format": "kg",
                        "increment_bunch_amount": 1.0
                    }
                },
                {
                    "id": "61215",
                    "limit": 1000,
                    "badges": {
                        "is_water": false,
                        "requires_age_check": false
                    },
                    "packaging": "Paquet",
                    "thumbnail": "https://prod-mercadona.imgix.net/20190521/15/61215/vlc1/61215_00_02.jpg?fit=crop&h=206&w=206",
                    "display_name": "Pèsol fi Hacendado ultracongelat",
                    "bunch_selector": false,
                    "price_instructions": {
                        "iva": 4,
                        "is_new": false,
                        "is_pack": false,
                        "pack_size": null,
                        "unit_name": null,
                        "unit_size": 1.0,
                        "bulk_price": "1.15",
                        "unit_price": "1.15",
                        "approx_size": false,
                        "size_format": "kg",
                        "total_units": null,
                        "unit_selector": true,
                        "bunch_selector": false,
                        "drained_weight": null,
                        "price_decreased": false,
                        "reference_price": "1.15",
                        "min_bunch_amount": 1.0,
                        "reference_format": "kg",
                        "increment_bunch_amount": 1.0
                    }
                },
                {
                    "id": "61200",
                    "limit": 1000,
                    "badges": {
                        "is_water": false,
                        "requires_age_check": false
                    },
                    "packaging": "Paquet",
                    "thumbnail": "https://prod-mercadona.imgix.net/20190521/00/61200/vlc1/61200_00_02.jpg?fit=crop&h=206&w=206",
                    "display_name": "Pèsol molt tendre Hacendado ultracongelat",
                    "bunch_selector": false,
                    "price_instructions": {
                        "iva": 4,
                        "is_new": false,
                        "is_pack": false,
                        "pack_size": null,
                        "unit_name": null,
                        "unit_size": 0.3,
                        "bulk_price": "2.67",
                        "unit_price": "0.80",
                        "approx_size": false,
                        "size_format": "kg",
                        "total_units": null,
                        "unit_selector": true,
                        "bunch_selector": false,
                        "drained_weight": null,
                        "price_decreased": false,
                        "reference_price": "2.67",
                        "min_bunch_amount": 1.0,
                        "reference_format": "kg",
                        "increment_bunch_amount": 1.0
                    }
                },
                {
                    "id": "61233",
                    "limit": 1000,
                    "badges": {
                        "is_water": false,
                        "requires_age_check": false
                    },
                    "packaging": "Paquet",
                    "thumbnail": "https://prod-mercadona.imgix.net/20190521/33/61233/vlc1/61233_00_02.jpg?fit=crop&h=206&w=206",
                    "display_name": "Fava fina Hacendado ultracongelada",
                    "bunch_selector": false,
                    "price_instructions": {
                        "iva": 4,
                        "is_new": false,
                        "is_pack": false,
                        "pack_size": null,
                        "unit_name": null,
                        "unit_size": 0.45,
                        "bulk_price": "2.44",
                        "unit_price": "1.10",
                        "approx_size": false,
                        "size_format": "kg",
                        "total_units": null,
                        "unit_selector": true,
                        "bunch_selector": false,
                        "drained_weight": null,
                        "price_decreased": false,
                        "reference_price": "2.44",
                        "min_bunch_amount": 1.0,
                        "reference_format": "kg",
                        "increment_bunch_amount": 1.0
                    }
                },
                {
                    "id": "61241",
                    "limit": 1000,
                    "badges": {
                        "is_water": false,
                        "requires_age_check": false
                    },
                    "packaging": "Paquet",
                    "thumbnail": "https://prod-mercadona.imgix.net/20190521/41/61241/vlc1/61241_00_02.jpg?fit=crop&h=206&w=206",
                    "display_name": "Blat de moro dolç Hacendado ultracongelat",
                    "bunch_selector": false,
                    "price_instructions": {
                        "iva": 4,
                        "is_new": false,
                        "is_pack": false,
                        "pack_size": null,
                        "unit_name": null,
                        "unit_size": 0.45,
                        "bulk_price": "1.89",
                        "unit_price": "0.85",
                        "approx_size": false,
                        "size_format": "kg",
                        "total_units": null,
                        "unit_selector": true,
                        "bunch_selector": false,
                        "drained_weight": null,
                        "price_decreased": false,
                        "reference_price": "1.89",
                        "min_bunch_amount": 1.0,
                        "reference_format": "kg",
                        "increment_bunch_amount": 1.0
                    }
                },
                {
                    "id": "61238",
                    "limit": 1000,
                    "badges": {
                        "is_water": false,
                        "requires_age_check": false
                    },
                    "packaging": "Paquet",
                    "thumbnail": "https://prod-mercadona.imgix.net/20190521/38/61238/vlc1/61238_00_02.jpg?fit=crop&h=206&w=206",
                    "display_name": "Espàrrec verd trossejat Hacendado ultracongelat",
                    "bunch_selector": false,
                    "price_instructions": {
                        "iva": 4,
                        "is_new": false,
                        "is_pack": false,
                        "pack_size": null,
                        "unit_name": null,
                        "unit_size": 0.3,
                        "bulk_price": "6.17",
                        "unit_price": "1.85",
                        "approx_size": false,
                        "size_format": "kg",
                        "total_units": null,
                        "unit_selector": true,
                        "bunch_selector": false,
                        "drained_weight": null,
                        "price_decreased": false,
                        "reference_price": "6.17",
                        "min_bunch_amount": 1.0,
                        "reference_format": "kg",
                        "increment_bunch_amount": 1.0
                    }
                },
                {
                    "id": "61206",
                    "limit": 1000,
                    "badges": {
                        "is_water": false,
                        "requires_age_check": false
                    },
                    "packaging": "Paquet",
                    "thumbnail": "https://prod-mercadona.imgix.net/20190521/06/61206/vlc1/61206_00_02.jpg?fit=crop&h=206&w=206",
                    "display_name": "Card Hacendado ultracongelat",
                    "bunch_selector": false,
                    "price_instructions": {
                        "iva": 4,
                        "is_new": false,
                        "is_pack": false,
                        "pack_size": null,
                        "unit_name": null,
                        "unit_size": 0.45,
                        "bulk_price": "3.00",
                        "unit_price": "1.35",
                        "approx_size": false,
                        "size_format": "kg",
                        "total_units": null,
                        "unit_selector": true,
                        "bunch_selector": false,
                        "drained_weight": null,
                        "price_decreased": false,
                        "reference_price": "3.00",
                        "min_bunch_amount": 1.0,
                        "reference_format": "kg",
                        "increment_bunch_amount": 1.0
                    }
                },
                {
                    "id": "61205",
                    "limit": 1000,
                    "badges": {
                        "is_water": false,
                        "requires_age_check": false
                    },
                    "packaging": "Paquet",
                    "thumbnail": "https://prod-mercadona.imgix.net/20190521/05/61205/vlc1/61205_00_02.jpg?fit=crop&h=206&w=206",
                    "display_name": "Carxofa baby Hacendado ultracongelada",
                    "bunch_selector": false,
                    "price_instructions": {
                        "iva": 4,
                        "is_new": false,
                        "is_pack": false,
                        "pack_size": null,
                        "unit_name": null,
                        "unit_size": 0.3,
                        "bulk_price": "8.83",
                        "unit_price": "2.65",
                        "approx_size": false,
                        "size_format": "kg",
                        "total_units": null,
                        "unit_selector": true,
                        "bunch_selector": false,
                        "drained_weight": null,
                        "price_decreased": false,
                        "reference_price": "8.83",
                        "min_bunch_amount": 1.0,
                        "reference_format": "kg",
                        "increment_bunch_amount": 1.0
                    }
                },
                {
                    "id": "61243",
                    "limit": 1000,
                    "badges": {
                        "is_water": false,
                        "requires_age_check": false
                    },
                    "packaging": "Paquet",
                    "thumbnail": "https://prod-mercadona.imgix.net/20190521/43/61243/vlc1/61243_00_02.jpg?fit=crop&h=206&w=206",
                    "display_name": "Ceba trossejada Hacendado ultracongelada",
                    "bunch_selector": false,
                    "price_instructions": {
                        "iva": 4,
                        "is_new": false,
                        "is_pack": false,
                        "pack_size": null,
                        "unit_name": null,
                        "unit_size": 0.45,
                        "bulk_price": "1.64",
                        "unit_price": "0.74",
                        "approx_size": false,
                        "size_format": "kg",
                        "total_units": null,
                        "unit_selector": true,
                        "bunch_selector": false,
                        "drained_weight": null,
                        "price_decreased": false,
                        "reference_price": "1.64",
                        "min_bunch_amount": 1.0,
                        "reference_format": "kg",
                        "increment_bunch_amount": 1.0
                    }
                },
                {
                    "id": "61252",
                    "limit": 1000,
                    "badges": {
                        "is_water": false,
                        "requires_age_check": false
                    },
                    "packaging": "Paquet",
                    "thumbnail": "https://prod-mercadona.imgix.net/20190521/52/61252/vlc1/61252_00_02.jpg?fit=crop&h=206&w=206",
                    "display_name": "Fava baby Hacendado ultracongelada",
                    "bunch_selector": false,
                    "price_instructions": {
                        "iva": 4,
                        "is_new": false,
                        "is_pack": false,
                        "pack_size": null,
                        "unit_name": null,
                        "unit_size": 0.45,
                        "bulk_price": "3.64",
                        "unit_price": "1.64",
                        "approx_size": false,
                        "size_format": "kg",
                        "total_units": null,
                        "unit_selector": true,
                        "bunch_selector": false,
                        "drained_weight": null,
                        "price_decreased": false,
                        "reference_price": "3.64",
                        "min_bunch_amount": 1.0,
                        "reference_format": "kg",
                        "increment_bunch_amount": 1.0
                    }
                },
                {
                    "id": "61251",
                    "limit": 1000,
                    "badges": {
                        "is_water": false,
                        "requires_age_check": false
                    },
                    "packaging": "Paquet",
                    "thumbnail": "https://prod-mercadona.imgix.net/20190521/51/61251/vlc1/61251_00_02.jpg?fit=crop&h=206&w=206",
                    "display_name": "All trossejat Hacendado ultracongelat",
                    "bunch_selector": false,
                    "price_instructions": {
                        "iva": 4,
                        "is_new": false,
                        "is_pack": false,
                        "pack_size": null,
                        "unit_name": null,
                        "unit_size": 0.15,
                        "bulk_price": "7.27",
                        "unit_price": "1.09",
                        "approx_size": false,
                        "size_format": "kg",
                        "total_units": null,
                        "unit_selector": true,
                        "bunch_selector": false,
                        "drained_weight": null,
                        "price_decreased": false,
                        "reference_price": "7.27",
                        "min_bunch_amount": 1.0,
                        "reference_format": "kg",
                        "increment_bunch_amount": 1.0
                    }
                },
                {
                    "id": "61023",
                    "limit": 1000,
                    "badges": {
                        "is_water": false,
                        "requires_age_check": false
                    },
                    "packaging": "Paquet",
                    "thumbnail": "https://prod-mercadona.imgix.net/20190521/23/61023/vlc1/61023_00_02.jpg?fit=crop&h=206&w=206",
                    "display_name": "Edamame beines de soja verda ultracongelades",
                    "bunch_selector": false,
                    "price_instructions": {
                        "iva": 10,
                        "is_new": false,
                        "is_pack": false,
                        "pack_size": null,
                        "unit_name": null,
                        "unit_size": 0.5,
                        "bulk_price": "3.20",
                        "unit_price": "1.60",
                        "approx_size": false,
                        "size_format": "kg",
                        "total_units": null,
                        "unit_selector": true,
                        "bunch_selector": false,
                        "drained_weight": null,
                        "price_decreased": false,
                        "reference_price": "3.20",
                        "min_bunch_amount": 1.0,
                        "reference_format": "kg",
                        "increment_bunch_amount": 1.0
                    }
                },
                {
                    "id": "61239",
                    "limit": 1000,
                    "badges": {
                        "is_water": false,
                        "requires_age_check": false
                    },
                    "packaging": "Paquet",
                    "thumbnail": "https://prod-mercadona.imgix.net/20190521/39/61239/vlc1/61239_00_02.jpg?fit=crop&h=206&w=206",
                    "display_name": "Espàrrec verd sencer Jv ultracongelat",
                    "bunch_selector": false,
                    "price_instructions": {
                        "iva": 4,
                        "is_new": false,
                        "is_pack": false,
                        "pack_size": null,
                        "unit_name": null,
                        "unit_size": 0.3,
                        "bulk_price": "8.67",
                        "unit_price": "2.60",
                        "approx_size": false,
                        "size_format": "kg",
                        "total_units": null,
                        "unit_selector": true,
                        "bunch_selector": false,
                        "drained_weight": null,
                        "price_decreased": false,
                        "reference_price": "8.67",
                        "min_bunch_amount": 1.0,
                        "reference_format": "kg",
                        "increment_bunch_amount": 1.0
                    }
                },
                {
                    "id": "61368",
                    "limit": 1000,
                    "badges": {
                        "is_water": false,
                        "requires_age_check": false
                    },
                    "packaging": "Paquet",
                    "thumbnail": "https://prod-mercadona.imgix.net/20190521/68/61368/vlc1/61368_00_02.jpg?fit=crop&h=206&w=206",
                    "display_name": "Espinacs amb crema Hacendado ultracongelats",
                    "bunch_selector": false,
                    "price_instructions": {
                        "iva": 10,
                        "is_new": false,
                        "is_pack": false,
                        "pack_size": null,
                        "unit_name": null,
                        "unit_size": 0.45,
                        "bulk_price": "3.87",
                        "unit_price": "1.74",
                        "approx_size": false,
                        "size_format": "kg",
                        "total_units": null,
                        "unit_selector": true,
                        "bunch_selector": false,
                        "drained_weight": null,
                        "price_decreased": false,
                        "reference_price": "3.87",
                        "min_bunch_amount": 1.0,
                        "reference_format": "kg",
                        "increment_bunch_amount": 1.0
                    }
                },
                {
                    "id": "61270",
                    "limit": 1000,
                    "badges": {
                        "is_water": false,
                        "requires_age_check": false
                    },
                    "packaging": "Paquet",
                    "thumbnail": "https://prod-mercadona.imgix.net/20190521/70/61270/vlc1/61270_00_02.jpg?fit=crop&h=206&w=206",
                    "display_name": "Garrofó Hacendado",
                    "bunch_selector": false,
                    "price_instructions": {
                        "iva": 4,
                        "is_new": false,
                        "is_pack": false,
                        "pack_size": null,
                        "unit_name": null,
                        "unit_size": 0.45,
                        "bulk_price": "2.11",
                        "unit_price": "0.95",
                        "approx_size": false,
                        "size_format": "kg",
                        "total_units": null,
                        "unit_selector": true,
                        "bunch_selector": false,
                        "drained_weight": null,
                        "price_decreased": false,
                        "reference_price": "2.11",
                        "min_bunch_amount": 1.0,
                        "reference_format": "kg",
                        "increment_bunch_amount": 1.0
                    }
                },
                {
                    "id": "61272",
                    "limit": 1000,
                    "badges": {
                        "is_water": false,
                        "requires_age_check": false
                    },
                    "packaging": "Paquet",
                    "thumbnail": "https://prod-mercadona.imgix.net/20190521/72/61272/vlc1/61272_00_02.jpg?fit=crop&h=206&w=206",
                    "display_name": "Cigró Hacendado ultracongelat",
                    "bunch_selector": false,
                    "price_instructions": {
                        "iva": 4,
                        "is_new": false,
                        "is_pack": false,
                        "pack_size": null,
                        "unit_name": null,
                        "unit_size": 0.45,
                        "bulk_price": "2.33",
                        "unit_price": "1.05",
                        "approx_size": false,
                        "size_format": "kg",
                        "total_units": null,
                        "unit_selector": true,
                        "bunch_selector": false,
                        "drained_weight": null,
                        "price_decreased": false,
                        "reference_price": "2.33",
                        "min_bunch_amount": 1.0,
                        "reference_format": "kg",
                        "increment_bunch_amount": 1.0
                    }
                },
                {
                    "id": "61283",
                    "limit": 1000,
                    "badges": {
                        "is_water": false,
                        "requires_age_check": false
                    },
                    "packaging": "Paquet",
                    "thumbnail": "https://prod-mercadona.imgix.net/20190521/83/61283/vlc1/61283_00_02.jpg?fit=crop&h=206&w=206",
                    "display_name": "Mongeta tendra plana Hacendado ultracongelada",
                    "bunch_selector": false,
                    "price_instructions": {
                        "iva": 4,
                        "is_new": false,
                        "is_pack": false,
                        "pack_size": null,
                        "unit_name": null,
                        "unit_size": 1.0,
                        "bulk_price": "1.05",
                        "unit_price": "1.05",
                        "approx_size": false,
                        "size_format": "kg",
                        "total_units": null,
                        "unit_selector": true,
                        "bunch_selector": false,
                        "drained_weight": null,
                        "price_decreased": false,
                        "reference_price": "1.05",
                        "min_bunch_amount": 1.0,
                        "reference_format": "kg",
                        "increment_bunch_amount": 1.0
                    }
                },
                {
                    "id": "61282",
                    "limit": 1000,
                    "badges": {
                        "is_water": false,
                        "requires_age_check": false
                    },
                    "packaging": "Paquet",
                    "thumbnail": "https://prod-mercadona.imgix.net/20190521/82/61282/vlc1/61282_00_02.jpg?fit=crop&h=206&w=206",
                    "display_name": "Mongeta tendra rodona Hacendado ultracongelada",
                    "bunch_selector": false,
                    "price_instructions": {
                        "iva": 4,
                        "is_new": false,
                        "is_pack": false,
                        "pack_size": null,
                        "unit_name": null,
                        "unit_size": 1.0,
                        "bulk_price": "1.05",
                        "unit_price": "1.05",
                        "approx_size": false,
                        "size_format": "kg",
                        "total_units": null,
                        "unit_selector": true,
                        "bunch_selector": false,
                        "drained_weight": null,
                        "price_decreased": false,
                        "reference_price": "1.05",
                        "min_bunch_amount": 1.0,
                        "reference_format": "kg",
                        "increment_bunch_amount": 1.0
                    }
                },
                {
                    "id": "61288",
                    "limit": 1000,
                    "badges": {
                        "is_water": false,
                        "requires_age_check": false
                    },
                    "packaging": "Paquet",
                    "thumbnail": "https://prod-mercadona.imgix.net/20190521/88/61288/vlc1/61288_00_02.jpg?fit=crop&h=206&w=206",
                    "display_name": "All tendre Hacendado ultracongelat",
                    "bunch_selector": false,
                    "price_instructions": {
                        "iva": 4,
                        "is_new": false,
                        "is_pack": false,
                        "pack_size": null,
                        "unit_name": null,
                        "unit_size": 0.3,
                        "bulk_price": "5.83",
                        "unit_price": "1.75",
                        "approx_size": false,
                        "size_format": "kg",
                        "total_units": null,
                        "unit_selector": true,
                        "bunch_selector": false,
                        "drained_weight": null,
                        "price_decreased": false,
                        "reference_price": "5.83",
                        "min_bunch_amount": 1.0,
                        "reference_format": "kg",
                        "increment_bunch_amount": 1.0
                    }
                },
                {
                    "id": "61275",
                    "limit": 1000,
                    "badges": {
                        "is_water": false,
                        "requires_age_check": false
                    },
                    "packaging": "Paquet",
                    "thumbnail": "https://prod-mercadona.imgix.net/20190521/75/61275/vlc1/61275_00_02.jpg?fit=crop&h=206&w=206",
                    "display_name": "Carxofa trossejada Hacendado ultracongelada",
                    "bunch_selector": false,
                    "price_instructions": {
                        "iva": 4,
                        "is_new": false,
                        "is_pack": false,
                        "pack_size": null,
                        "unit_name": null,
                        "unit_size": 0.45,
                        "bulk_price": "4.33",
                        "unit_price": "1.95",
                        "approx_size": false,
                        "size_format": "kg",
                        "total_units": null,
                        "unit_selector": true,
                        "bunch_selector": false,
                        "drained_weight": null,
                        "price_decreased": false,
                        "reference_price": "4.33",
                        "min_bunch_amount": 1.0,
                        "reference_format": "kg",
                        "increment_bunch_amount": 1.0
                    }
                },
                {
                    "id": "61279",
                    "limit": 1000,
                    "badges": {
                        "is_water": false,
                        "requires_age_check": false
                    },
                    "packaging": "Paquet",
                    "thumbnail": "https://prod-mercadona.imgix.net/20190521/79/61279/vlc1/61279_00_02.jpg?fit=crop&h=206&w=206",
                    "display_name": "Espinac en porcions Hacendado ultracongelat",
                    "bunch_selector": false,
                    "price_instructions": {
                        "iva": 4,
                        "is_new": false,
                        "is_pack": false,
                        "pack_size": null,
                        "unit_name": "porcions",
                        "unit_size": 0.45,
                        "bulk_price": "1.67",
                        "unit_price": "0.75",
                        "approx_size": false,
                        "size_format": "kg",
                        "total_units": 2,
                        "unit_selector": true,
                        "bunch_selector": false,
                        "drained_weight": null,
                        "price_decreased": false,
                        "reference_price": "1.67",
                        "min_bunch_amount": 1.0,
                        "reference_format": "kg",
                        "increment_bunch_amount": 1.0
                    }
                },
                {
                    "id": "61285",
                    "limit": 1000,
                    "badges": {
                        "is_water": false,
                        "requires_age_check": false
                    },
                    "packaging": "Paquet",
                    "thumbnail": "https://prod-mercadona.imgix.net/20190521/85/61285/vlc1/61285_00_02.jpg?fit=crop&h=206&w=206",
                    "display_name": "Favetes molt tendres Hacendado ultracongelades",
                    "bunch_selector": false,
                    "price_instructions": {
                        "iva": 4,
                        "is_new": false,
                        "is_pack": false,
                        "pack_size": null,
                        "unit_name": null,
                        "unit_size": 0.3,
                        "bulk_price": "9.83",
                        "unit_price": "2.95",
                        "approx_size": false,
                        "size_format": "kg",
                        "total_units": null,
                        "unit_selector": true,
                        "bunch_selector": false,
                        "drained_weight": null,
                        "price_decreased": false,
                        "reference_price": "9.83",
                        "min_bunch_amount": 1.0,
                        "reference_format": "kg",
                        "increment_bunch_amount": 1.0
                    }
                },
                {
                    "id": "61348",
                    "limit": 1000,
                    "badges": {
                        "is_water": false,
                        "requires_age_check": false
                    },
                    "packaging": "Paquet",
                    "thumbnail": "https://prod-mercadona.imgix.net/20190521/48/61348/vlc1/61348_00_02.jpg?fit=crop&h=206&w=206",
                    "display_name": "Boletes de patata Agristo ultracongelades",
                    "bunch_selector": false,
                    "price_instructions": {
                        "iva": 10,
                        "is_new": false,
                        "is_pack": false,
                        "pack_size": null,
                        "unit_name": null,
                        "unit_size": 0.45,
                        "bulk_price": "2.78",
                        "unit_price": "1.25",
                        "approx_size": false,
                        "size_format": "kg",
                        "total_units": null,
                        "unit_selector": true,
                        "bunch_selector": false,
                        "drained_weight": null,
                        "price_decreased": false,
                        "reference_price": "2.78",
                        "min_bunch_amount": 1.0,
                        "reference_format": "kg",
                        "increment_bunch_amount": 1.0
                    }
                },
                {
                    "id": "61405",
                    "limit": 1000,
                    "badges": {
                        "is_water": false,
                        "requires_age_check": false
                    },
                    "packaging": "Paquet",
                    "thumbnail": "https://prod-mercadona.imgix.net/20190521/05/61405/vlc1/61405_00_02.jpg?fit=crop&h=206&w=206",
                    "display_name": "Patates tall gruixut Agristo ultracongelades",
                    "bunch_selector": false,
                    "price_instructions": {
                        "iva": 4,
                        "is_new": false,
                        "is_pack": false,
                        "pack_size": null,
                        "unit_name": null,
                        "unit_size": 2.0,
                        "bulk_price": "0.92",
                        "unit_price": "1.85",
                        "approx_size": false,
                        "size_format": "kg",
                        "total_units": null,
                        "unit_selector": true,
                        "bunch_selector": false,
                        "drained_weight": null,
                        "price_decreased": false,
                        "reference_price": "0.92",
                        "min_bunch_amount": 1.0,
                        "reference_format": "kg",
                        "increment_bunch_amount": 1.0
                    }
                },
                {
                    "id": "61406",
                    "limit": 1000,
                    "badges": {
                        "is_water": false,
                        "requires_age_check": false
                    },
                    "packaging": "Paquet",
                    "thumbnail": "https://prod-mercadona.imgix.net/20190521/06/61406/vlc1/61406_00_02.jpg?fit=crop&h=206&w=206",
                    "display_name": "Patates tall gruixut Agristo ultracongelades",
                    "bunch_selector": false,
                    "price_instructions": {
                        "iva": 4,
                        "is_new": false,
                        "is_pack": false,
                        "pack_size": null,
                        "unit_name": null,
                        "unit_size": 1.0,
                        "bulk_price": "1.05",
                        "unit_price": "1.05",
                        "approx_size": false,
                        "size_format": "kg",
                        "total_units": null,
                        "unit_selector": true,
                        "bunch_selector": false,
                        "drained_weight": null,
                        "price_decreased": false,
                        "reference_price": "1.05",
                        "min_bunch_amount": 1.0,
                        "reference_format": "kg",
                        "increment_bunch_amount": 1.0
                    }
                },
                {
                    "id": "61413",
                    "limit": 1000,
                    "badges": {
                        "is_water": false,
                        "requires_age_check": false
                    },
                    "packaging": "Paquet",
                    "thumbnail": "https://prod-mercadona.imgix.net/20190521/13/61413/vlc1/61413_00_02.jpg?fit=crop&h=206&w=206",
                    "display_name": "Patates braves ultracongelades",
                    "bunch_selector": false,
                    "price_instructions": {
                        "iva": 4,
                        "is_new": false,
                        "is_pack": false,
                        "pack_size": null,
                        "unit_name": null,
                        "unit_size": 0.75,
                        "bulk_price": "1.60",
                        "unit_price": "1.20",
                        "approx_size": false,
                        "size_format": "kg",
                        "total_units": null,
                        "unit_selector": true,
                        "bunch_selector": false,
                        "drained_weight": null,
                        "price_decreased": false,
                        "reference_price": "1.60",
                        "min_bunch_amount": 1.0,
                        "reference_format": "kg",
                        "increment_bunch_amount": 1.0
                    }
                },
                {
                    "id": "61416",
                    "limit": 1000,
                    "badges": {
                        "is_water": false,
                        "requires_age_check": false
                    },
                    "packaging": "Paquet",
                    "thumbnail": "https://prod-mercadona.imgix.net/20190521/16/61416/vlc1/61416_00_02.jpg?fit=crop&h=206&w=206",
                    "display_name": "Patates grill ultracongelades",
                    "bunch_selector": false,
                    "price_instructions": {
                        "iva": 4,
                        "is_new": false,
                        "is_pack": false,
                        "pack_size": null,
                        "unit_name": null,
                        "unit_size": 0.75,
                        "bulk_price": "1.67",
                        "unit_price": "1.25",
                        "approx_size": false,
                        "size_format": "kg",
                        "total_units": null,
                        "unit_selector": true,
                        "bunch_selector": false,
                        "drained_weight": null,
                        "price_decreased": false,
                        "reference_price": "1.67",
                        "min_bunch_amount": 1.0,
                        "reference_format": "kg",
                        "increment_bunch_amount": 1.0
                    }
                },
                {
                    "id": "61421",
                    "limit": 1000,
                    "badges": {
                        "is_water": false,
                        "requires_age_check": false
                    },
                    "packaging": "Paquet",
                    "thumbnail": "https://prod-mercadona.imgix.net/20190521/21/61421/vlc1/61421_00_02.jpg?fit=crop&h=206&w=206",
                    "display_name": "Patates tall fi ultracongelades",
                    "bunch_selector": false,
                    "price_instructions": {
                        "iva": 4,
                        "is_new": false,
                        "is_pack": false,
                        "pack_size": null,
                        "unit_name": null,
                        "unit_size": 1.0,
                        "bulk_price": "1.15",
                        "unit_price": "1.15",
                        "approx_size": false,
                        "size_format": "kg",
                        "total_units": null,
                        "unit_selector": true,
                        "bunch_selector": false,
                        "drained_weight": null,
                        "price_decreased": false,
                        "reference_price": "1.15",
                        "min_bunch_amount": 1.0,
                        "reference_format": "kg",
                        "increment_bunch_amount": 1.0
                    }
                },
                {
                    "id": "61424",
                    "limit": 1000,
                    "badges": {
                        "is_water": false,
                        "requires_age_check": false
                    },
                    "packaging": "Paquet",
                    "thumbnail": "https://prod-mercadona.imgix.net/20190521/24/61424/vlc1/61424_00_02.jpg?fit=crop&h=206&w=206",
                    "display_name": "Patates forn ultracongelades",
                    "bunch_selector": false,
                    "price_instructions": {
                        "iva": 4,
                        "is_new": false,
                        "is_pack": false,
                        "pack_size": null,
                        "unit_name": null,
                        "unit_size": 0.75,
                        "bulk_price": "1.80",
                        "unit_price": "1.35",
                        "approx_size": false,
                        "size_format": "kg",
                        "total_units": null,
                        "unit_selector": true,
                        "bunch_selector": false,
                        "drained_weight": null,
                        "price_decreased": false,
                        "reference_price": "1.80",
                        "min_bunch_amount": 1.0,
                        "reference_format": "kg",
                        "increment_bunch_amount": 1.0
                    }
                },
                {
                    "id": "61248",
                    "limit": 1000,
                    "badges": {
                        "is_water": false,
                        "requires_age_check": false
                    },
                    "packaging": "Paquet",
                    "thumbnail": "https://prod-mercadona.imgix.net/20190521/48/61248/vlc1/61248_00_02.jpg?fit=crop&h=206&w=206",
                    "display_name": "Cols de Brussel·les Hacendado ultracongelades",
                    "bunch_selector": false,
                    "price_instructions": {
                        "iva": 4,
                        "is_new": false,
                        "is_pack": false,
                        "pack_size": null,
                        "unit_name": null,
                        "unit_size": 0.45,
                        "bulk_price": "1.76",
                        "unit_price": "0.79",
                        "approx_size": false,
                        "size_format": "kg",
                        "total_units": null,
                        "unit_selector": true,
                        "bunch_selector": false,
                        "drained_weight": null,
                        "price_decreased": false,
                        "reference_price": "1.76",
                        "min_bunch_amount": 1.0,
                        "reference_format": "kg",
                        "increment_bunch_amount": 1.0
                    }
                },
                {
                    "id": "61249",
                    "limit": 1000,
                    "badges": {
                        "is_water": false,
                        "requires_age_check": false
                    },
                    "packaging": "Paquet",
                    "thumbnail": "https://prod-mercadona.imgix.net/20190521/49/61249/vlc1/61249_00_02.jpg?fit=crop&h=206&w=206",
                    "display_name": "Pastanaga baby Hacendado ultracongelada",
                    "bunch_selector": false,
                    "price_instructions": {
                        "iva": 4,
                        "is_new": false,
                        "is_pack": false,
                        "pack_size": null,
                        "unit_name": null,
                        "unit_size": 0.45,
                        "bulk_price": "1.89",
                        "unit_price": "0.85",
                        "approx_size": false,
                        "size_format": "kg",
                        "total_units": null,
                        "unit_selector": true,
                        "bunch_selector": false,
                        "drained_weight": null,
                        "price_decreased": false,
                        "reference_price": "1.89",
                        "min_bunch_amount": 1.0,
                        "reference_format": "kg",
                        "increment_bunch_amount": 1.0
                    }
                },
                {
                    "id": "61027",
                    "limit": 1000,
                    "badges": {
                        "is_water": false,
                        "requires_age_check": false
                    },
                    "packaging": "Paquet",
                    "thumbnail": "https://prod-mercadona.imgix.net/20190521/27/61027/vlc1/61027_00_02.jpg?fit=crop&h=206&w=206",
                    "display_name": "Verdures rostides saltades Hacendado ultracongelades",
                    "bunch_selector": false,
                    "price_instructions": {
                        "iva": 10,
                        "is_new": false,
                        "is_pack": false,
                        "pack_size": null,
                        "unit_name": null,
                        "unit_size": 0.4,
                        "bulk_price": "3.75",
                        "unit_price": "1.50",
                        "approx_size": false,
                        "size_format": "kg",
                        "total_units": null,
                        "unit_selector": true,
                        "bunch_selector": false,
                        "drained_weight": null,
                        "price_decreased": false,
                        "reference_price": "3.75",
                        "min_bunch_amount": 1.0,
                        "reference_format": "kg",
                        "increment_bunch_amount": 1.0
                    }
                },
                {
                    "id": "61356",
                    "limit": 1000,
                    "badges": {
                        "is_water": false,
                        "requires_age_check": false
                    },
                    "packaging": "Paquet",
                    "thumbnail": "https://prod-mercadona.imgix.net/20190521/56/61356/vlc1/61356_00_02.jpg?fit=crop&h=206&w=206",
                    "display_name": "Gambes, alls tendres i espàrrecs verds saltats Hacendado ultracongelats",
                    "bunch_selector": false,
                    "price_instructions": {
                        "iva": 10,
                        "is_new": false,
                        "is_pack": false,
                        "pack_size": null,
                        "unit_name": null,
                        "unit_size": 0.45,
                        "bulk_price": "5.47",
                        "unit_price": "2.46",
                        "approx_size": false,
                        "size_format": "kg",
                        "total_units": null,
                        "unit_selector": true,
                        "bunch_selector": false,
                        "drained_weight": null,
                        "price_decreased": false,
                        "reference_price": "5.47",
                        "min_bunch_amount": 1.0,
                        "reference_format": "kg",
                        "increment_bunch_amount": 1.0
                    }
                },
                {
                    "id": "61020",
                    "limit": 1000,
                    "badges": {
                        "is_water": false,
                        "requires_age_check": false
                    },
                    "packaging": "Paquet",
                    "thumbnail": "https://prod-mercadona.imgix.net/20190521/20/61020/vlc1/61020_00_02.jpg?fit=crop&h=206&w=206",
                    "display_name": "Pollastre saltat Hacendado ultracongelat",
                    "bunch_selector": false,
                    "price_instructions": {
                        "iva": 10,
                        "is_new": false,
                        "is_pack": false,
                        "pack_size": null,
                        "unit_name": null,
                        "unit_size": 0.45,
                        "bulk_price": "4.00",
                        "unit_price": "1.80",
                        "approx_size": false,
                        "size_format": "kg",
                        "total_units": null,
                        "unit_selector": true,
                        "bunch_selector": false,
                        "drained_weight": null,
                        "price_decreased": false,
                        "reference_price": "4.00",
                        "min_bunch_amount": 1.0,
                        "reference_format": "kg",
                        "increment_bunch_amount": 1.0
                    }
                },
                {
                    "id": "61007",
                    "limit": 1000,
                    "badges": {
                        "is_water": false,
                        "requires_age_check": false
                    },
                    "packaging": "Paquet",
                    "thumbnail": "https://prod-mercadona.imgix.net/20190521/07/61007/vlc1/61007_00_02.jpg?fit=crop&h=206&w=206",
                    "display_name": "Minestra especial de verdura Hacendado ultracongelada",
                    "bunch_selector": false,
                    "price_instructions": {
                        "iva": 4,
                        "is_new": false,
                        "is_pack": false,
                        "pack_size": null,
                        "unit_name": null,
                        "unit_size": 1.0,
                        "bulk_price": "1.99",
                        "unit_price": "1.99",
                        "approx_size": false,
                        "size_format": "kg",
                        "total_units": null,
                        "unit_selector": true,
                        "bunch_selector": false,
                        "drained_weight": null,
                        "price_decreased": false,
                        "reference_price": "1.99",
                        "min_bunch_amount": 1.0,
                        "reference_format": "kg",
                        "increment_bunch_amount": 1.0
                    }
                },
                {
                    "id": "61053",
                    "limit": 1000,
                    "badges": {
                        "is_water": false,
                        "requires_age_check": false
                    },
                    "packaging": "Paquet",
                    "thumbnail": "https://prod-mercadona.imgix.net/20190521/53/61053/vlc1/61053_00_02.jpg?fit=crop&h=206&w=206",
                    "display_name": "Patata i salsitxa saltades Hacendado ultracongelades",
                    "bunch_selector": false,
                    "price_instructions": {
                        "iva": 10,
                        "is_new": false,
                        "is_pack": false,
                        "pack_size": null,
                        "unit_name": null,
                        "unit_size": 0.45,
                        "bulk_price": "3.27",
                        "unit_price": "1.47",
                        "approx_size": false,
                        "size_format": "kg",
                        "total_units": null,
                        "unit_selector": true,
                        "bunch_selector": false,
                        "drained_weight": null,
                        "price_decreased": false,
                        "reference_price": "3.27",
                        "min_bunch_amount": 1.0,
                        "reference_format": "kg",
                        "increment_bunch_amount": 1.0
                    }
                },
                {
                    "id": "61345",
                    "limit": 1000,
                    "badges": {
                        "is_water": false,
                        "requires_age_check": false
                    },
                    "packaging": "Paquet",
                    "thumbnail": "https://prod-mercadona.imgix.net/20190521/45/61345/vlc1/61345_00_02.jpg?fit=crop&h=206&w=206",
                    "display_name": "Tempura 7 verdures Fresno ultracongelada",
                    "bunch_selector": false,
                    "price_instructions": {
                        "iva": 10,
                        "is_new": false,
                        "is_pack": false,
                        "pack_size": null,
                        "unit_name": null,
                        "unit_size": 0.4,
                        "bulk_price": "4.62",
                        "unit_price": "1.85",
                        "approx_size": false,
                        "size_format": "kg",
                        "total_units": null,
                        "unit_selector": true,
                        "bunch_selector": false,
                        "drained_weight": null,
                        "price_decreased": false,
                        "reference_price": "4.62",
                        "min_bunch_amount": 1.0,
                        "reference_format": "kg",
                        "increment_bunch_amount": 1.0
                    }
                },
                {
                    "id": "61351",
                    "limit": 1000,
                    "badges": {
                        "is_water": false,
                        "requires_age_check": false
                    },
                    "packaging": "Paquet",
                    "thumbnail": "https://prod-mercadona.imgix.net/20190521/51/61351/vlc1/61351_00_02.jpg?fit=crop&h=206&w=206",
                    "display_name": "Samfaina de verdures Hacendado ultracongelada",
                    "bunch_selector": false,
                    "price_instructions": {
                        "iva": 10,
                        "is_new": false,
                        "is_pack": false,
                        "pack_size": null,
                        "unit_name": null,
                        "unit_size": 0.4,
                        "bulk_price": "4.22",
                        "unit_price": "1.69",
                        "approx_size": false,
                        "size_format": "kg",
                        "total_units": null,
                        "unit_selector": true,
                        "bunch_selector": false,
                        "drained_weight": null,
                        "price_decreased": false,
                        "reference_price": "4.22",
                        "min_bunch_amount": 1.0,
                        "reference_format": "kg",
                        "increment_bunch_amount": 1.0
                    }
                },
                {
                    "id": "61052",
                    "limit": 1000,
                    "badges": {
                        "is_water": false,
                        "requires_age_check": false
                    },
                    "packaging": "Paquet",
                    "thumbnail": "https://prod-mercadona.imgix.net/20190521/52/61052/vlc1/61052_00_02.jpg?fit=crop&h=206&w=206",
                    "display_name": "Llom saltat Hacendado ultracongelat",
                    "bunch_selector": false,
                    "price_instructions": {
                        "iva": 10,
                        "is_new": false,
                        "is_pack": false,
                        "pack_size": null,
                        "unit_name": null,
                        "unit_size": 0.45,
                        "bulk_price": "4.67",
                        "unit_price": "2.10",
                        "approx_size": false,
                        "size_format": "kg",
                        "total_units": null,
                        "unit_selector": true,
                        "bunch_selector": false,
                        "drained_weight": null,
                        "price_decreased": false,
                        "reference_price": "4.67",
                        "min_bunch_amount": 1.0,
                        "reference_format": "kg",
                        "increment_bunch_amount": 1.0
                    }
                },
                {
                    "id": "63478",
                    "limit": 1000,
                    "badges": {
                        "is_water": false,
                        "requires_age_check": false
                    },
                    "packaging": "Capsa",
                    "thumbnail": "https://prod-mercadona.imgix.net/20190521/78/63478/vlc1/63478_00_02.jpg?fit=crop&h=206&w=206",
                    "display_name": "Rotlles primavera ultracongelats",
                    "bunch_selector": false,
                    "price_instructions": {
                        "iva": 10,
                        "is_new": false,
                        "is_pack": false,
                        "pack_size": null,
                        "unit_name": "rotllets",
                        "unit_size": 0.3,
                        "bulk_price": "5.00",
                        "unit_price": "1.50",
                        "approx_size": false,
                        "size_format": "kg",
                        "total_units": 6,
                        "unit_selector": true,
                        "bunch_selector": false,
                        "drained_weight": null,
                        "price_decreased": false,
                        "reference_price": "5.00",
                        "min_bunch_amount": 1.0,
                        "reference_format": "kg",
                        "increment_bunch_amount": 1.0
                    }
                },
                {
                    "id": "63791",
                    "limit": 1000,
                    "badges": {
                        "is_water": false,
                        "requires_age_check": false
                    },
                    "packaging": "Paquet",
                    "thumbnail": "https://prod-mercadona.imgix.net/20190521/91/63791/vlc1/63791_00_02.jpg?fit=crop&h=206&w=206",
                    "display_name": "Croquetes d'espinacs Hacendado ultracongelades",
                    "bunch_selector": false,
                    "price_instructions": {
                        "iva": 10,
                        "is_new": false,
                        "is_pack": false,
                        "pack_size": null,
                        "unit_name": null,
                        "unit_size": 0.35,
                        "bulk_price": "4.29",
                        "unit_price": "1.50",
                        "approx_size": false,
                        "size_format": "kg",
                        "total_units": null,
                        "unit_selector": true,
                        "bunch_selector": false,
                        "drained_weight": null,
                        "price_decreased": false,
                        "reference_price": "4.29",
                        "min_bunch_amount": 1.0,
                        "reference_format": "kg",
                        "increment_bunch_amount": 1.0
                    }
                },
                {
                    "id": "61006",
                    "limit": 1000,
                    "badges": {
                        "is_water": false,
                        "requires_age_check": false
                    },
                    "packaging": "Paquet",
                    "thumbnail": "https://prod-mercadona.imgix.net/20190521/06/61006/vlc1/61006_00_02.jpg?fit=crop&h=206&w=206",
                    "display_name": "Coliflor, bròcoli i pastanaga Hacendado ultracongelada",
                    "bunch_selector": false,
                    "price_instructions": {
                        "iva": 4,
                        "is_new": false,
                        "is_pack": false,
                        "pack_size": null,
                        "unit_name": null,
                        "unit_size": 1.0,
                        "bulk_price": "1.85",
                        "unit_price": "1.85",
                        "approx_size": false,
                        "size_format": "kg",
                        "total_units": null,
                        "unit_selector": true,
                        "bunch_selector": false,
                        "drained_weight": null,
                        "price_decreased": false,
                        "reference_price": "1.85",
                        "min_bunch_amount": 1.0,
                        "reference_format": "kg",
                        "increment_bunch_amount": 1.0
                    }
                },
                {
                    "id": "61352",
                    "limit": 1000,
                    "badges": {
                        "is_water": false,
                        "requires_age_check": false
                    },
                    "packaging": "Paquet",
                    "thumbnail": "https://prod-mercadona.imgix.net/20190521/52/61352/vlc1/61352_00_02.jpg?fit=crop&h=206&w=206",
                    "display_name": "Pebrots del piquillo farcit de carn ultracongelats",
                    "bunch_selector": false,
                    "price_instructions": {
                        "iva": 10,
                        "is_new": false,
                        "is_pack": false,
                        "pack_size": null,
                        "unit_name": null,
                        "unit_size": 0.185,
                        "bulk_price": "8.65",
                        "unit_price": "1.60",
                        "approx_size": false,
                        "size_format": "kg",
                        "total_units": null,
                        "unit_selector": true,
                        "bunch_selector": false,
                        "drained_weight": null,
                        "price_decreased": false,
                        "reference_price": "8.65",
                        "min_bunch_amount": 1.0,
                        "reference_format": "kg",
                        "increment_bunch_amount": 1.0
                    }
                },
                {
                    "id": "61363",
                    "limit": 1000,
                    "badges": {
                        "is_water": false,
                        "requires_age_check": false
                    },
                    "packaging": "Paquet",
                    "thumbnail": "https://prod-mercadona.imgix.net/20190521/63/61363/vlc1/61363_00_02.jpg?fit=crop&h=206&w=206",
                    "display_name": "Wok de verdures asiàtic Paissano ultracongelat",
                    "bunch_selector": false,
                    "price_instructions": {
                        "iva": 10,
                        "is_new": false,
                        "is_pack": false,
                        "pack_size": null,
                        "unit_name": null,
                        "unit_size": 0.6,
                        "bulk_price": "4.08",
                        "unit_price": "2.45",
                        "approx_size": false,
                        "size_format": "kg",
                        "total_units": null,
                        "unit_selector": true,
                        "bunch_selector": false,
                        "drained_weight": null,
                        "price_decreased": false,
                        "reference_price": "4.08",
                        "min_bunch_amount": 1.0,
                        "reference_format": "kg",
                        "increment_bunch_amount": 1.0
                    }
                },
                {
                    "id": "61101",
                    "limit": 1000,
                    "badges": {
                        "is_water": false,
                        "requires_age_check": false
                    },
                    "packaging": "Paquet",
                    "thumbnail": "https://prod-mercadona.imgix.net/20190521/01/61101/vlc1/61101_00_02.jpg?fit=crop&h=206&w=206",
                    "display_name": "Ensalada Hacendado ultracongelada",
                    "bunch_selector": false,
                    "price_instructions": {
                        "iva": 4,
                        "is_new": false,
                        "is_pack": false,
                        "pack_size": null,
                        "unit_name": null,
                        "unit_size": 1.0,
                        "bulk_price": "0.75",
                        "unit_price": "0.75",
                        "approx_size": false,
                        "size_format": "kg",
                        "total_units": null,
                        "unit_selector": true,
                        "bunch_selector": false,
                        "drained_weight": null,
                        "price_decreased": false,
                        "reference_price": "0.75",
                        "min_bunch_amount": 1.0,
                        "reference_format": "kg",
                        "increment_bunch_amount": 1.0
                    }
                },
                {
                    "id": "61021",
                    "limit": 1000,
                    "badges": {
                        "is_water": false,
                        "requires_age_check": false
                    },
                    "packaging": "Paquet",
                    "thumbnail": "https://prod-mercadona.imgix.net/20190521/21/61021/vlc1/61021_00_02.jpg?fit=crop&h=206&w=206",
                    "display_name": "Minestra de verdures amb faves baby Hacendado ultracongelada",
                    "bunch_selector": false,
                    "price_instructions": {
                        "iva": 4,
                        "is_new": false,
                        "is_pack": false,
                        "pack_size": null,
                        "unit_name": null,
                        "unit_size": 1.0,
                        "bulk_price": "1.09",
                        "unit_price": "1.09",
                        "approx_size": false,
                        "size_format": "kg",
                        "total_units": null,
                        "unit_selector": true,
                        "bunch_selector": false,
                        "drained_weight": null,
                        "price_decreased": false,
                        "reference_price": "1.09",
                        "min_bunch_amount": 1.0,
                        "reference_format": "kg",
                        "increment_bunch_amount": 1.0
                    }
                },
                {
                    "id": "61048",
                    "limit": 1000,
                    "badges": {
                        "is_water": false,
                        "requires_age_check": false
                    },
                    "packaging": "Paquet",
                    "thumbnail": "https://prod-mercadona.imgix.net/20190521/48/61048/vlc1/61048_00_02.jpg?fit=crop&h=206&w=206",
                    "display_name": "Farciment fajites pollastre, pebrots i ceba Hacendado ultracongelat",
                    "bunch_selector": false,
                    "price_instructions": {
                        "iva": 10,
                        "is_new": false,
                        "is_pack": false,
                        "pack_size": null,
                        "unit_name": null,
                        "unit_size": 0.3,
                        "bulk_price": "4.50",
                        "unit_price": "1.35",
                        "approx_size": false,
                        "size_format": "kg",
                        "total_units": null,
                        "unit_selector": true,
                        "bunch_selector": false,
                        "drained_weight": null,
                        "price_decreased": false,
                        "reference_price": "4.50",
                        "min_bunch_amount": 1.0,
                        "reference_format": "kg",
                        "increment_bunch_amount": 1.0
                    }
                },
                {
                    "id": "61025",
                    "limit": 1000,
                    "badges": {
                        "is_water": false,
                        "requires_age_check": false
                    },
                    "packaging": "Paquet",
                    "thumbnail": "https://prod-mercadona.imgix.net/20190521/25/61025/vlc1/61025_00_02.jpg?fit=crop&h=206&w=206",
                    "display_name": "Bolets saltats Hacendado ultracongelats",
                    "bunch_selector": false,
                    "price_instructions": {
                        "iva": 4,
                        "is_new": false,
                        "is_pack": false,
                        "pack_size": null,
                        "unit_name": null,
                        "unit_size": 0.45,
                        "bulk_price": "3.53",
                        "unit_price": "1.59",
                        "approx_size": false,
                        "size_format": "kg",
                        "total_units": null,
                        "unit_selector": true,
                        "bunch_selector": false,
                        "drained_weight": null,
                        "price_decreased": false,
                        "reference_price": "3.53",
                        "min_bunch_amount": 1.0,
                        "reference_format": "kg",
                        "increment_bunch_amount": 1.0
                    }
                },
                {
                    "id": "61207",
                    "limit": 1000,
                    "badges": {
                        "is_water": false,
                        "requires_age_check": false
                    },
                    "packaging": "Paquet",
                    "thumbnail": "https://prod-mercadona.imgix.net/20190521/07/61207/vlc1/61207_00_02.jpg?fit=crop&h=206&w=206",
                    "display_name": "Pebrot vermell i verd Hacendado ultracongelat",
                    "bunch_selector": false,
                    "price_instructions": {
                        "iva": 4,
                        "is_new": false,
                        "is_pack": false,
                        "pack_size": null,
                        "unit_name": null,
                        "unit_size": 0.45,
                        "bulk_price": "2.09",
                        "unit_price": "0.94",
                        "approx_size": false,
                        "size_format": "kg",
                        "total_units": null,
                        "unit_selector": true,
                        "bunch_selector": false,
                        "drained_weight": null,
                        "price_decreased": false,
                        "reference_price": "2.09",
                        "min_bunch_amount": 1.0,
                        "reference_format": "kg",
                        "increment_bunch_amount": 1.0
                    }
                },
                {
                    "id": "61125",
                    "limit": 1000,
                    "badges": {
                        "is_water": false,
                        "requires_age_check": false
                    },
                    "packaging": "Paquet",
                    "thumbnail": "https://prod-mercadona.imgix.net/20190521/25/61125/vlc1/61125_00_02.jpg?fit=crop&h=206&w=206",
                    "display_name": "Verdura per a paella Hacendado ultracongelada",
                    "bunch_selector": false,
                    "price_instructions": {
                        "iva": 4,
                        "is_new": false,
                        "is_pack": false,
                        "pack_size": null,
                        "unit_name": null,
                        "unit_size": 0.45,
                        "bulk_price": "1.67",
                        "unit_price": "0.75",
                        "approx_size": false,
                        "size_format": "kg",
                        "total_units": null,
                        "unit_selector": true,
                        "bunch_selector": false,
                        "drained_weight": null,
                        "price_decreased": false,
                        "reference_price": "1.67",
                        "min_bunch_amount": 1.0,
                        "reference_format": "kg",
                        "increment_bunch_amount": 1.0
                    }
                },
                {
                    "id": "61034",
                    "limit": 1000,
                    "badges": {
                        "is_water": false,
                        "requires_age_check": false
                    },
                    "packaging": "Paquet",
                    "thumbnail": "https://prod-mercadona.imgix.net/20190521/34/61034/vlc1/61034_00_02.jpg?fit=crop&h=206&w=206",
                    "display_name": "Graellada de verdures Hacendado ultracongelades",
                    "bunch_selector": false,
                    "price_instructions": {
                        "iva": 10,
                        "is_new": false,
                        "is_pack": false,
                        "pack_size": null,
                        "unit_name": null,
                        "unit_size": 0.4,
                        "bulk_price": "3.00",
                        "unit_price": "1.20",
                        "approx_size": false,
                        "size_format": "kg",
                        "total_units": null,
                        "unit_selector": true,
                        "bunch_selector": false,
                        "drained_weight": null,
                        "price_decreased": false,
                        "reference_price": "3.00",
                        "min_bunch_amount": 1.0,
                        "reference_format": "kg",
                        "increment_bunch_amount": 1.0
                    }
                },
                {
                    "id": "69383",
                    "limit": 1000,
                    "badges": {
                        "is_water": false,
                        "requires_age_check": false
                    },
                    "packaging": "Paquet",
                    "thumbnail": "https://prod-mercadona.imgix.net/20190521/83/69383/vlc1/69383_00_02.jpg?fit=crop&h=206&w=206",
                    "display_name": "Wakame amanida del mar congelada",
                    "bunch_selector": false,
                    "price_instructions": {
                        "iva": 10,
                        "is_new": false,
                        "is_pack": false,
                        "pack_size": null,
                        "unit_name": null,
                        "unit_size": 0.125,
                        "bulk_price": "10.00",
                        "unit_price": "1.25",
                        "approx_size": false,
                        "size_format": "kg",
                        "total_units": null,
                        "unit_selector": true,
                        "bunch_selector": false,
                        "drained_weight": null,
                        "price_decreased": false,
                        "reference_price": "10.00",
                        "min_bunch_amount": 1.0,
                        "reference_format": "kg",
                        "increment_bunch_amount": 1.0
                    }
                },
                {
                    "id": "63491",
                    "limit": 1000,
                    "badges": {
                        "is_water": false,
                        "requires_age_check": false
                    },
                    "packaging": "Paquet",
                    "thumbnail": "https://prod-mercadona.imgix.net/20190521/91/63491/vlc1/63491_00_02.jpg?fit=crop&h=206&w=206",
                    "display_name": "Croquetes de bolets Hacendado ultracongelades",
                    "bunch_selector": false,
                    "price_instructions": {
                        "iva": 10,
                        "is_new": false,
                        "is_pack": false,
                        "pack_size": null,
                        "unit_name": null,
                        "unit_size": 0.35,
                        "bulk_price": "4.29",
                        "unit_price": "1.50",
                        "approx_size": false,
                        "size_format": "kg",
                        "total_units": null,
                        "unit_selector": true,
                        "bunch_selector": false,
                        "drained_weight": null,
                        "price_decreased": false,
                        "reference_price": "4.29",
                        "min_bunch_amount": 1.0,
                        "reference_format": "kg",
                        "increment_bunch_amount": 1.0
                    }
                },
                {
                    "id": "61065",
                    "limit": 1000,
                    "badges": {
                        "is_water": false,
                        "requires_age_check": false
                    },
                    "packaging": "Paquet",
                    "thumbnail": "https://prod-mercadona.imgix.net/20190521/65/61065/vlc1/61065_00_02.jpg?fit=crop&h=206&w=206",
                    "display_name": "Verdures saltades Hacendado ultracongelades",
                    "bunch_selector": false,
                    "price_instructions": {
                        "iva": 4,
                        "is_new": false,
                        "is_pack": false,
                        "pack_size": null,
                        "unit_name": null,
                        "unit_size": 0.6,
                        "bulk_price": "2.33",
                        "unit_price": "1.40",
                        "approx_size": false,
                        "size_format": "kg",
                        "total_units": null,
                        "unit_selector": true,
                        "bunch_selector": false,
                        "drained_weight": null,
                        "price_decreased": false,
                        "reference_price": "2.33",
                        "min_bunch_amount": 1.0,
                        "reference_format": "kg",
                        "increment_bunch_amount": 1.0
                    }
                },
                {
                    "id": "61227",
                    "limit": 1000,
                    "badges": {
                        "is_water": false,
                        "requires_age_check": false
                    },
                    "packaging": "Paquet",
                    "thumbnail": "https://prod-mercadona.imgix.net/20190521/27/61227/vlc1/61227_00_02.jpg?fit=crop&h=206&w=206",
                    "display_name": "Bleda fulla en porcions Hacendado ultracongelada",
                    "bunch_selector": false,
                    "price_instructions": {
                        "iva": 4,
                        "is_new": false,
                        "is_pack": false,
                        "pack_size": null,
                        "unit_name": null,
                        "unit_size": 1.0,
                        "bulk_price": "1.65",
                        "unit_price": "1.65",
                        "approx_size": false,
                        "size_format": "kg",
                        "total_units": null,
                        "unit_selector": true,
                        "bunch_selector": false,
                        "drained_weight": null,
                        "price_decreased": false,
                        "reference_price": "1.65",
                        "min_bunch_amount": 1.0,
                        "reference_format": "kg",
                        "increment_bunch_amount": 1.0
                    }
                },
                {
                    "id": "63026",
                    "limit": 1000,
                    "badges": {
                        "is_water": false,
                        "requires_age_check": false
                    },
                    "packaging": "Capsa",
                    "thumbnail": "https://prod-mercadona.imgix.net/20190521/26/63026/vlc1/63026_00_02.jpg?fit=crop&h=206&w=206",
                    "display_name": "Rotllets petits amb bolets Hacendado ultracongelats",
                    "bunch_selector": false,
                    "price_instructions": {
                        "iva": 10,
                        "is_new": false,
                        "is_pack": false,
                        "pack_size": null,
                        "unit_name": "rotllets",
                        "unit_size": 0.3,
                        "bulk_price": "5.00",
                        "unit_price": "1.50",
                        "approx_size": false,
                        "size_format": "kg",
                        "total_units": 20,
                        "unit_selector": true,
                        "bunch_selector": false,
                        "drained_weight": null,
                        "price_decreased": false,
                        "reference_price": "5.00",
                        "min_bunch_amount": 1.0,
                        "reference_format": "kg",
                        "increment_bunch_amount": 1.0
                    }
                },
                {
                    "id": "61051",
                    "limit": 1000,
                    "badges": {
                        "is_water": false,
                        "requires_age_check": false
                    },
                    "packaging": "Paquet",
                    "thumbnail": "https://prod-mercadona.imgix.net/20190521/51/61051/vlc1/61051_00_02.jpg?fit=crop&h=206&w=206",
                    "display_name": "Maduixes senceres Hacendado ultracongelades",
                    "bunch_selector": false,
                    "price_instructions": {
                        "iva": 4,
                        "is_new": false,
                        "is_pack": false,
                        "pack_size": null,
                        "unit_name": null,
                        "unit_size": 0.3,
                        "bulk_price": "3.97",
                        "unit_price": "1.19",
                        "approx_size": false,
                        "size_format": "kg",
                        "total_units": null,
                        "unit_selector": true,
                        "bunch_selector": false,
                        "drained_weight": null,
                        "price_decreased": false,
                        "reference_price": "3.97",
                        "min_bunch_amount": 1.0,
                        "reference_format": "kg",
                        "increment_bunch_amount": 1.0
                    }
                },
                {
                    "id": "61050",
                    "limit": 1000,
                    "badges": {
                        "is_water": false,
                        "requires_age_check": false
                    },
                    "packaging": "Paquet",
                    "thumbnail": "https://prod-mercadona.imgix.net/20190521/50/61050/vlc1/61050_00_02.jpg?fit=crop&h=206&w=206",
                    "display_name": "Mango a daus Hacendado ultracongelat",
                    "bunch_selector": false,
                    "price_instructions": {
                        "iva": 4,
                        "is_new": false,
                        "is_pack": false,
                        "pack_size": null,
                        "unit_name": null,
                        "unit_size": 0.3,
                        "bulk_price": "5.87",
                        "unit_price": "1.76",
                        "approx_size": false,
                        "size_format": "kg",
                        "total_units": null,
                        "unit_selector": true,
                        "bunch_selector": false,
                        "drained_weight": null,
                        "price_decreased": false,
                        "reference_price": "5.87",
                        "min_bunch_amount": 1.0,
                        "reference_format": "kg",
                        "increment_bunch_amount": 1.0
                    }
                },
                {
                    "id": "61055",
                    "limit": 1000,
                    "badges": {
                        "is_water": false,
                        "requires_age_check": false
                    },
                    "packaging": "Paquet",
                    "thumbnail": "https://prod-mercadona.imgix.net/20190521/55/61055/vlc1/61055_00_02.jpg?fit=crop&h=206&w=206",
                    "display_name": "Nabius sencers Hacendado ultracongelats",
                    "bunch_selector": false,
                    "price_instructions": {
                        "iva": 4,
                        "is_new": false,
                        "is_pack": false,
                        "pack_size": null,
                        "unit_name": null,
                        "unit_size": 0.3,
                        "bulk_price": "5.97",
                        "unit_price": "1.79",
                        "approx_size": false,
                        "size_format": "kg",
                        "total_units": null,
                        "unit_selector": true,
                        "bunch_selector": false,
                        "drained_weight": null,
                        "price_decreased": false,
                        "reference_price": "5.97",
                        "min_bunch_amount": 1.0,
                        "reference_format": "kg",
                        "increment_bunch_amount": 1.0
                    }
                },
                {
                    "id": "61026",
                    "limit": 1000,
                    "badges": {
                        "is_water": false,
                        "requires_age_check": false
                    },
                    "packaging": "Paquet",
                    "thumbnail": "https://prod-mercadona.imgix.net/20190521/26/61026/vlc1/61026_00_02.jpg?fit=crop&h=206&w=206",
                    "display_name": "Mescla de fruites vermelles Hacendado ultracongelades",
                    "bunch_selector": false,
                    "price_instructions": {
                        "iva": 4,
                        "is_new": false,
                        "is_pack": false,
                        "pack_size": null,
                        "unit_name": null,
                        "unit_size": 0.3,
                        "bulk_price": "3.97",
                        "unit_price": "1.19",
                        "approx_size": false,
                        "size_format": "kg",
                        "total_units": null,
                        "unit_selector": true,
                        "bunch_selector": false,
                        "drained_weight": null,
                        "price_decreased": false,
                        "reference_price": "3.97",
                        "min_bunch_amount": 1.0,
                        "reference_format": "kg",
                        "increment_bunch_amount": 1.0
                    }
                },
                {
                    "id": "61426",
                    "limit": 1000,
                    "badges": {
                        "is_water": false,
                        "requires_age_check": false
                    },
                    "packaging": "Paquet",
                    "thumbnail": "https://prod-mercadona.imgix.net/20190521/26/61426/vlc1/61426_00_02.jpg?fit=crop&h=206&w=206",
                    "display_name": "Patates Dippers ultracongelades",
                    "bunch_selector": false,
                    "price_instructions": {
                        "iva": 4,
                        "is_new": false,
                        "is_pack": false,
                        "pack_size": null,
                        "unit_name": null,
                        "unit_size": 0.5,
                        "bulk_price": "2.98",
                        "unit_price": "1.49",
                        "approx_size": false,
                        "size_format": "kg",
                        "total_units": null,
                        "unit_selector": true,
                        "bunch_selector": false,
                        "drained_weight": null,
                        "price_decreased": false,
                        "reference_price": "2.98",
                        "min_bunch_amount": 1.0,
                        "reference_format": "kg",
                        "increment_bunch_amount": 1.0
                    }
                },
                {
                    "id": "61280",
                    "limit": 1000,
                    "badges": {
                        "is_water": false,
                        "requires_age_check": false
                    },
                    "packaging": "Paquet",
                    "thumbnail": "https://prod-mercadona.imgix.net/20190521/80/61280/vlc1/61280_00_02.jpg?fit=crop&h=206&w=206",
                    "display_name": "Espinac fulla en porcions Hacendado ultracongelat",
                    "bunch_selector": false,
                    "price_instructions": {
                        "iva": 4,
                        "is_new": false,
                        "is_pack": false,
                        "pack_size": null,
                        "unit_name": null,
                        "unit_size": 1.0,
                        "bulk_price": "1.19",
                        "unit_price": "1.19",
                        "approx_size": false,
                        "size_format": "kg",
                        "total_units": null,
                        "unit_selector": true,
                        "bunch_selector": false,
                        "drained_weight": null,
                        "price_decreased": false,
                        "reference_price": "1.19",
                        "min_bunch_amount": 1.0,
                        "reference_format": "kg",
                        "increment_bunch_amount": 1.0
                    }
                },
                {
                    "id": "61261",
                    "limit": 1000,
                    "badges": {
                        "is_water": false,
                        "requires_age_check": false
                    },
                    "packaging": "Paquet",
                    "thumbnail": "https://prod-mercadona.imgix.net/20190521/61/61261/vlc1/61261_00_02.jpg?fit=crop&h=206&w=206",
                    "display_name": "Bròcoli Hacendado",
                    "bunch_selector": false,
                    "price_instructions": {
                        "iva": 4,
                        "is_new": false,
                        "is_pack": false,
                        "pack_size": null,
                        "unit_name": null,
                        "unit_size": 1.0,
                        "bulk_price": "1.49",
                        "unit_price": "1.49",
                        "approx_size": false,
                        "size_format": "kg",
                        "total_units": null,
                        "unit_selector": true,
                        "bunch_selector": false,
                        "drained_weight": null,
                        "price_decreased": false,
                        "reference_price": "1.49",
                        "min_bunch_amount": 1.0,
                        "reference_format": "kg",
                        "increment_bunch_amount": 1.0
                    }
                },
                {
                    "id": "61271",
                    "limit": 1000,
                    "badges": {
                        "is_water": false,
                        "requires_age_check": false
                    },
                    "packaging": "Paquet",
                    "thumbnail": "https://prod-mercadona.imgix.net/20190521/71/61271/vlc1/61271_00_02.jpg?fit=crop&h=206&w=206",
                    "display_name": "Mongeta blanca Hacendado ultracongelada",
                    "bunch_selector": false,
                    "price_instructions": {
                        "iva": 4,
                        "is_new": false,
                        "is_pack": false,
                        "pack_size": null,
                        "unit_name": null,
                        "unit_size": 0.45,
                        "bulk_price": "2.20",
                        "unit_price": "0.99",
                        "approx_size": false,
                        "size_format": "kg",
                        "total_units": null,
                        "unit_selector": true,
                        "bunch_selector": false,
                        "drained_weight": null,
                        "price_decreased": false,
                        "reference_price": "2.20",
                        "min_bunch_amount": 1.0,
                        "reference_format": "kg",
                        "increment_bunch_amount": 1.0
                    }
                },
                {
                    "id": "61277",
                    "limit": 1000,
                    "badges": {
                        "is_water": false,
                        "requires_age_check": false
                    },
                    "packaging": "Paquet",
                    "thumbnail": "https://prod-mercadona.imgix.net/20190521/77/61277/vlc1/61277_00_02.jpg?fit=crop&h=206&w=206",
                    "display_name": "Espinac picat en porcions Hacendado ultracongelat",
                    "bunch_selector": false,
                    "price_instructions": {
                        "iva": 4,
                        "is_new": false,
                        "is_pack": false,
                        "pack_size": null,
                        "unit_name": null,
                        "unit_size": 1.0,
                        "bulk_price": "1.19",
                        "unit_price": "1.19",
                        "approx_size": false,
                        "size_format": "kg",
                        "total_units": null,
                        "unit_selector": true,
                        "bunch_selector": false,
                        "drained_weight": null,
                        "price_decreased": false,
                        "reference_price": "1.19",
                        "min_bunch_amount": 1.0,
                        "reference_format": "kg",
                        "increment_bunch_amount": 1.0
                    }
                },
                {
                    "id": "61274",
                    "limit": 1000,
                    "badges": {
                        "is_water": false,
                        "requires_age_check": false
                    },
                    "packaging": "Paquet",
                    "thumbnail": "https://prod-mercadona.imgix.net/20190521/74/61274/vlc1/61274_00_02.jpg?fit=crop&h=206&w=206",
                    "display_name": "Carxofa cors Hacendado ultracongelada",
                    "bunch_selector": false,
                    "price_instructions": {
                        "iva": 4,
                        "is_new": false,
                        "is_pack": false,
                        "pack_size": null,
                        "unit_name": null,
                        "unit_size": 0.45,
                        "bulk_price": "6.00",
                        "unit_price": "2.70",
                        "approx_size": false,
                        "size_format": "kg",
                        "total_units": null,
                        "unit_selector": true,
                        "bunch_selector": false,
                        "drained_weight": null,
                        "price_decreased": false,
                        "reference_price": "6.00",
                        "min_bunch_amount": 1.0,
                        "reference_format": "kg",
                        "increment_bunch_amount": 1.0
                    }
                },
                {
                    "id": "61231",
                    "limit": 1000,
                    "badges": {
                        "is_water": false,
                        "requires_age_check": false
                    },
                    "packaging": "Paquet",
                    "thumbnail": "https://prod-mercadona.imgix.net/20190521/31/61231/vlc1/61231_00_02.jpg?fit=crop&h=206&w=206",
                    "display_name": "Coliflor Hacendado ultracongelada",
                    "bunch_selector": false,
                    "price_instructions": {
                        "iva": 4,
                        "is_new": false,
                        "is_pack": false,
                        "pack_size": null,
                        "unit_name": null,
                        "unit_size": 1.0,
                        "bulk_price": "1.29",
                        "unit_price": "1.29",
                        "approx_size": false,
                        "size_format": "kg",
                        "total_units": null,
                        "unit_selector": true,
                        "bunch_selector": false,
                        "drained_weight": null,
                        "price_decreased": false,
                        "reference_price": "1.29",
                        "min_bunch_amount": 1.0,
                        "reference_format": "kg",
                        "increment_bunch_amount": 1.0
                    }
                },
                {
                    "id": "61225",
                    "limit": 1000,
                    "badges": {
                        "is_water": false,
                        "requires_age_check": false
                    },
                    "packaging": "Paquet",
                    "thumbnail": "https://prod-mercadona.imgix.net/20190521/25/61225/vlc1/61225_00_02.jpg?fit=crop&h=206&w=206",
                    "display_name": "Bleda en porcions Hacendado ultracongelada",
                    "bunch_selector": false,
                    "price_instructions": {
                        "iva": 4,
                        "is_new": false,
                        "is_pack": false,
                        "pack_size": null,
                        "unit_name": "porcions",
                        "unit_size": 0.45,
                        "bulk_price": "1.67",
                        "unit_price": "0.75",
                        "approx_size": false,
                        "size_format": "kg",
                        "total_units": 2,
                        "unit_selector": true,
                        "bunch_selector": false,
                        "drained_weight": null,
                        "price_decreased": false,
                        "reference_price": "1.67",
                        "min_bunch_amount": 1.0,
                        "reference_format": "kg",
                        "increment_bunch_amount": 1.0
                    }
                },
                {
                    "id": "61113",
                    "limit": 1000,
                    "badges": {
                        "is_water": false,
                        "requires_age_check": false
                    },
                    "packaging": "Paquet",
                    "thumbnail": "https://prod-mercadona.imgix.net/20190521/13/61113/vlc1/61113_00_02.jpg?fit=crop&h=206&w=206",
                    "display_name": "Pastanaga rodanxes Hacendado ultracongelada",
                    "bunch_selector": false,
                    "price_instructions": {
                        "iva": 4,
                        "is_new": false,
                        "is_pack": false,
                        "pack_size": null,
                        "unit_name": null,
                        "unit_size": 0.75,
                        "bulk_price": "1.19",
                        "unit_price": "0.89",
                        "approx_size": false,
                        "size_format": "kg",
                        "total_units": null,
                        "unit_selector": true,
                        "bunch_selector": false,
                        "drained_weight": null,
                        "price_decreased": false,
                        "reference_price": "1.19",
                        "min_bunch_amount": 1.0,
                        "reference_format": "kg",
                        "increment_bunch_amount": 1.0
                    }
                },
                {
                    "id": "63006",
                    "limit": 1000,
                    "badges": {
                        "is_water": false,
                        "requires_age_check": false
                    },
                    "packaging": "Paquet",
                    "thumbnail": "https://prod-mercadona.imgix.net/20190521/06/63006/vlc1/63006_00_02.jpg?fit=crop&h=206&w=206",
                    "display_name": "Anelles de ceba arrebossades Hacendado ultracongelades",
                    "bunch_selector": false,
                    "price_instructions": {
                        "iva": 10,
                        "is_new": false,
                        "is_pack": false,
                        "pack_size": null,
                        "unit_name": null,
                        "unit_size": 0.3,
                        "bulk_price": "5.83",
                        "unit_price": "1.75",
                        "approx_size": false,
                        "size_format": "kg",
                        "total_units": null,
                        "unit_selector": true,
                        "bunch_selector": false,
                        "drained_weight": null,
                        "price_decreased": false,
                        "reference_price": "5.83",
                        "min_bunch_amount": 1.0,
                        "reference_format": "kg",
                        "increment_bunch_amount": 1.0
                    }
                }
            ],
            "is_extended": false
        }
    ],
    "is_extended": false
}