{
    "id": 19,
    "name": "Celler",
    "layout": 2,
    "categories": [
        {
            "id": 164,
            "name": "Cervesa",
            "layout": 1,
            "products": [
                {
                    "id": "66465",
                    "limit": 1000,
                    "badges": {
                        "is_water": false,
                        "requires_age_check": true
                    },
                    "packaging": "Paquet-6",
                    "thumbnail": "https://prod-mercadona.imgix.net/20190521/65/66465/vlc1/66465_00_01.jpg?fit=crop&h=206&w=206",
                    "display_name": "Cervesa Clàssica Steinburg",
                    "bunch_selector": false,
                    "price_instructions": {
                        "iva": 21,
                        "is_new": false,
                        "is_pack": true,
                        "pack_size": 1.0,
                        "unit_name": "ampolles",
                        "unit_size": 6.0,
                        "bulk_price": "0.65",
                        "unit_price": "3.90",
                        "approx_size": false,
                        "size_format": "l",
                        "total_units": 6,
                        "unit_selector": true,
                        "bunch_selector": false,
                        "drained_weight": null,
                        "price_decreased": false,
                        "reference_price": "0.65",
                        "min_bunch_amount": 1.0,
                        "reference_format": "L",
                        "increment_bunch_amount": 1.0
                    }
                },
                {
                    "id": "66466",
                    "limit": 1000,
                    "badges": {
                        "is_water": false,
                        "requires_age_check": true
                    },
                    "packaging": "Ampolla",
                    "thumbnail": "https://prod-mercadona.imgix.net/20190521/66/66466/vlc1/66466_00_02.jpg?fit=crop&h=206&w=206",
                    "display_name": "Cervesa Clàssica Steinburg",
                    "bunch_selector": false,
                    "price_instructions": {
                        "iva": 21,
                        "is_new": false,
                        "is_pack": false,
                        "pack_size": null,
                        "unit_name": null,
                        "unit_size": 1.0,
                        "bulk_price": "0.65",
                        "unit_price": "0.65",
                        "approx_size": false,
                        "size_format": "l",
                        "total_units": null,
                        "unit_selector": true,
                        "bunch_selector": false,
                        "drained_weight": null,
                        "price_decreased": false,
                        "reference_price": "0.65",
                        "min_bunch_amount": 1.0,
                        "reference_format": "L",
                        "increment_bunch_amount": 1.0
                    }
                },
                {
                    "id": "66482",
                    "limit": 1000,
                    "badges": {
                        "is_water": false,
                        "requires_age_check": true
                    },
                    "packaging": "Ampolla",
                    "thumbnail": "https://prod-mercadona.imgix.net/20190521/82/66482/vlc1/66482_00_02.jpg?fit=crop&h=206&w=206",
                    "display_name": "Cervesa Clàssica Steinburg",
                    "bunch_selector": false,
                    "price_instructions": {
                        "iva": 21,
                        "is_new": false,
                        "is_pack": false,
                        "pack_size": null,
                        "unit_name": null,
                        "unit_size": 1.0,
                        "bulk_price": "0.70",
                        "unit_price": "0.70",
                        "approx_size": false,
                        "size_format": "l",
                        "total_units": null,
                        "unit_selector": true,
                        "bunch_selector": false,
                        "drained_weight": null,
                        "price_decreased": false,
                        "reference_price": "0.70",
                        "min_bunch_amount": 1.0,
                        "reference_format": "L",
                        "increment_bunch_amount": 1.0
                    }
                },
                {
                    "id": "66784",
                    "limit": 1000,
                    "badges": {
                        "is_water": false,
                        "requires_age_check": true
                    },
                    "packaging": "Ampolleta",
                    "thumbnail": "https://prod-mercadona.imgix.net/20190521/84/66784/vlc1/66784_00_02.jpg?fit=crop&h=206&w=206",
                    "display_name": "Cervesa Clàssica Steinburg",
                    "bunch_selector": false,
                    "price_instructions": {
                        "iva": 21,
                        "is_new": false,
                        "is_pack": false,
                        "pack_size": null,
                        "unit_name": null,
                        "unit_size": 0.33,
                        "bulk_price": "0.91",
                        "unit_price": "0.30",
                        "approx_size": false,
                        "size_format": "l",
                        "total_units": null,
                        "unit_selector": true,
                        "bunch_selector": false,
                        "drained_weight": null,
                        "price_decreased": false,
                        "reference_price": "0.91",
                        "min_bunch_amount": 1.0,
                        "reference_format": "L",
                        "increment_bunch_amount": 1.0
                    }
                },
                {
                    "id": "66592",
                    "limit": 1000,
                    "badges": {
                        "is_water": false,
                        "requires_age_check": true
                    },
                    "packaging": "Paquet-6",
                    "thumbnail": "https://prod-mercadona.imgix.net/20190521/92/66592/vlc1/66592_00_01.jpg?fit=crop&h=206&w=206",
                    "display_name": "Cervesa Clàssica Steinburg",
                    "bunch_selector": false,
                    "price_instructions": {
                        "iva": 21,
                        "is_new": false,
                        "is_pack": true,
                        "pack_size": 0.33,
                        "unit_name": "ampolletes",
                        "unit_size": 1.98,
                        "bulk_price": "0.91",
                        "unit_price": "1.80",
                        "approx_size": false,
                        "size_format": "l",
                        "total_units": 6,
                        "unit_selector": true,
                        "bunch_selector": false,
                        "drained_weight": null,
                        "price_decreased": false,
                        "reference_price": "0.91",
                        "min_bunch_amount": 1.0,
                        "reference_format": "L",
                        "increment_bunch_amount": 1.0
                    }
                },
                {
                    "id": "66791",
                    "limit": 1000,
                    "badges": {
                        "is_water": false,
                        "requires_age_check": true
                    },
                    "packaging": "Paquet-24",
                    "thumbnail": "https://prod-mercadona.imgix.net/20190521/91/66791/vlc1/66791_00_01.jpg?fit=crop&h=206&w=206",
                    "display_name": "Cervesa Clàssica Steinburg",
                    "bunch_selector": false,
                    "price_instructions": {
                        "iva": 21,
                        "is_new": false,
                        "is_pack": true,
                        "pack_size": 0.2,
                        "unit_name": "ampolletes",
                        "unit_size": 4.8,
                        "bulk_price": "1.33",
                        "unit_price": "6.40",
                        "approx_size": false,
                        "size_format": "l",
                        "total_units": 24,
                        "unit_selector": true,
                        "bunch_selector": false,
                        "drained_weight": null,
                        "price_decreased": false,
                        "reference_price": "1.33",
                        "min_bunch_amount": 1.0,
                        "reference_format": "L",
                        "increment_bunch_amount": 1.0
                    }
                },
                {
                    "id": "66591",
                    "limit": 1000,
                    "badges": {
                        "is_water": false,
                        "requires_age_check": true
                    },
                    "packaging": "Paquet-6",
                    "thumbnail": "https://prod-mercadona.imgix.net/20190521/91/66591/vlc1/66591_00_01.jpg?fit=crop&h=206&w=206",
                    "display_name": "Cervesa Clàssica Steinburg",
                    "bunch_selector": false,
                    "price_instructions": {
                        "iva": 21,
                        "is_new": false,
                        "is_pack": true,
                        "pack_size": 0.2,
                        "unit_name": "ampolletes",
                        "unit_size": 1.2,
                        "bulk_price": "1.33",
                        "unit_price": "1.60",
                        "approx_size": false,
                        "size_format": "l",
                        "total_units": 6,
                        "unit_selector": true,
                        "bunch_selector": false,
                        "drained_weight": null,
                        "price_decreased": false,
                        "reference_price": "1.33",
                        "min_bunch_amount": 1.0,
                        "reference_format": "L",
                        "increment_bunch_amount": 1.0
                    }
                },
                {
                    "id": "66561",
                    "limit": 1000,
                    "badges": {
                        "is_water": false,
                        "requires_age_check": true
                    },
                    "packaging": "Ampolleta",
                    "thumbnail": "https://prod-mercadona.imgix.net/20190521/61/66561/vlc1/66561_00_02.jpg?fit=crop&h=206&w=206",
                    "display_name": "Beguda cider amb gas Wild panther gust de poma",
                    "bunch_selector": false,
                    "price_instructions": {
                        "iva": 21,
                        "is_new": false,
                        "is_pack": false,
                        "pack_size": null,
                        "unit_name": null,
                        "unit_size": 0.33,
                        "bulk_price": "2.73",
                        "unit_price": "0.90",
                        "approx_size": false,
                        "size_format": "l",
                        "total_units": null,
                        "unit_selector": true,
                        "bunch_selector": false,
                        "drained_weight": null,
                        "price_decreased": false,
                        "reference_price": "2.73",
                        "min_bunch_amount": 1.0,
                        "reference_format": "L",
                        "increment_bunch_amount": 1.0
                    }
                },
                {
                    "id": "66462",
                    "limit": 1000,
                    "badges": {
                        "is_water": false,
                        "requires_age_check": true
                    },
                    "packaging": "Paquet-12",
                    "thumbnail": "https://prod-mercadona.imgix.net/20190521/62/66462/vlc1/66462_00_01.jpg?fit=crop&h=206&w=206",
                    "display_name": "Cervesa Clàssica Steinburg",
                    "bunch_selector": false,
                    "price_instructions": {
                        "iva": 21,
                        "is_new": false,
                        "is_pack": true,
                        "pack_size": 0.33,
                        "unit_name": "llaunes",
                        "unit_size": 3.96,
                        "bulk_price": "0.76",
                        "unit_price": "3.00",
                        "approx_size": false,
                        "size_format": "l",
                        "total_units": 12,
                        "unit_selector": true,
                        "bunch_selector": false,
                        "drained_weight": null,
                        "price_decreased": false,
                        "reference_price": "0.76",
                        "min_bunch_amount": 1.0,
                        "reference_format": "L",
                        "increment_bunch_amount": 1.0
                    }
                },
                {
                    "id": "66463",
                    "limit": 1000,
                    "badges": {
                        "is_water": false,
                        "requires_age_check": true
                    },
                    "packaging": "Llauna",
                    "thumbnail": "https://prod-mercadona.imgix.net/20190521/63/66463/vlc1/66463_00_02.jpg?fit=crop&h=206&w=206",
                    "display_name": "Cervesa Clàssica Steinburg",
                    "bunch_selector": false,
                    "price_instructions": {
                        "iva": 21,
                        "is_new": false,
                        "is_pack": false,
                        "pack_size": null,
                        "unit_name": null,
                        "unit_size": 0.33,
                        "bulk_price": "0.76",
                        "unit_price": "0.25",
                        "approx_size": false,
                        "size_format": "l",
                        "total_units": null,
                        "unit_selector": true,
                        "bunch_selector": false,
                        "drained_weight": null,
                        "price_decreased": false,
                        "reference_price": "0.76",
                        "min_bunch_amount": 1.0,
                        "reference_format": "L",
                        "increment_bunch_amount": 1.0
                    }
                },
                {
                    "id": "66593",
                    "limit": 1000,
                    "badges": {
                        "is_water": false,
                        "requires_age_check": true
                    },
                    "packaging": "Paquet-12",
                    "thumbnail": "https://prod-mercadona.imgix.net/20190521/93/66593/vlc1/66593_00_01.jpg?fit=crop&h=206&w=206",
                    "display_name": "Cervesa Pilsen Sabor a Sur Steinburg",
                    "bunch_selector": false,
                    "price_instructions": {
                        "iva": 21,
                        "is_new": false,
                        "is_pack": true,
                        "pack_size": 0.33,
                        "unit_name": "llauna",
                        "unit_size": 3.96,
                        "bulk_price": "0.88",
                        "unit_price": "3.48",
                        "approx_size": false,
                        "size_format": "l",
                        "total_units": 12,
                        "unit_selector": true,
                        "bunch_selector": false,
                        "drained_weight": null,
                        "price_decreased": false,
                        "reference_price": "0.88",
                        "min_bunch_amount": 1.0,
                        "reference_format": "L",
                        "increment_bunch_amount": 1.0
                    }
                },
                {
                    "id": "27679",
                    "limit": 1000,
                    "badges": {
                        "is_water": false,
                        "requires_age_check": true
                    },
                    "packaging": "Paquet-8",
                    "thumbnail": "https://prod-mercadona.imgix.net/20190521/79/27679/vlc1/27679_00_01.jpg?fit=crop&h=206&w=206",
                    "display_name": "Cervesa Heineken",
                    "bunch_selector": false,
                    "price_instructions": {
                        "iva": 21,
                        "is_new": false,
                        "is_pack": true,
                        "pack_size": 0.33,
                        "unit_name": "llaunes",
                        "unit_size": 2.64,
                        "bulk_price": "1.94",
                        "unit_price": "5.12",
                        "approx_size": false,
                        "size_format": "l",
                        "total_units": 8,
                        "unit_selector": true,
                        "bunch_selector": false,
                        "drained_weight": null,
                        "price_decreased": false,
                        "reference_price": "1.94",
                        "min_bunch_amount": 0.0,
                        "reference_format": "L",
                        "increment_bunch_amount": 0.0
                    }
                },
                {
                    "id": "28055",
                    "limit": 1000,
                    "badges": {
                        "is_water": false,
                        "requires_age_check": true
                    },
                    "packaging": "Paquet-8",
                    "thumbnail": "https://prod-mercadona.imgix.net/20190521/55/28055/vlc1/28055_00_01.jpg?fit=crop&h=206&w=206",
                    "display_name": "Cervesa amb suc natural de llimona San Miguel 0,0 % sense alcohol",
                    "bunch_selector": false,
                    "price_instructions": {
                        "iva": 21,
                        "is_new": false,
                        "is_pack": true,
                        "pack_size": 0.33,
                        "unit_name": "llaunes",
                        "unit_size": 2.64,
                        "bulk_price": "1.42",
                        "unit_price": "3.76",
                        "approx_size": false,
                        "size_format": "l",
                        "total_units": 8,
                        "unit_selector": true,
                        "bunch_selector": false,
                        "drained_weight": null,
                        "price_decreased": false,
                        "reference_price": "1.42",
                        "min_bunch_amount": 1.0,
                        "reference_format": "L",
                        "increment_bunch_amount": 1.0
                    }
                },
                {
                    "id": "66783",
                    "limit": 1000,
                    "badges": {
                        "is_water": false,
                        "requires_age_check": true
                    },
                    "packaging": "Paquet-12",
                    "thumbnail": "https://prod-mercadona.imgix.net/20190521/83/66783/vlc1/66783_00_01.jpg?fit=crop&h=206&w=206",
                    "display_name": "Cervesa Radler amb suc natural de llimona Steinburg",
                    "bunch_selector": false,
                    "price_instructions": {
                        "iva": 21,
                        "is_new": false,
                        "is_pack": true,
                        "pack_size": 0.33,
                        "unit_name": "llaunes",
                        "unit_size": 3.96,
                        "bulk_price": "1.06",
                        "unit_price": "4.20",
                        "approx_size": false,
                        "size_format": "l",
                        "total_units": 12,
                        "unit_selector": true,
                        "bunch_selector": false,
                        "drained_weight": null,
                        "price_decreased": false,
                        "reference_price": "1.06",
                        "min_bunch_amount": 1.0,
                        "reference_format": "L",
                        "increment_bunch_amount": 1.0
                    }
                },
                {
                    "id": "66554",
                    "limit": 1000,
                    "badges": {
                        "is_water": false,
                        "requires_age_check": true
                    },
                    "packaging": "Llauna",
                    "thumbnail": "https://prod-mercadona.imgix.net/20190521/54/66554/vlc1/66554_00_02.jpg?fit=crop&h=206&w=206",
                    "display_name": "Cervesa Radler amb suc natural de llimona Steinburg",
                    "bunch_selector": false,
                    "price_instructions": {
                        "iva": 21,
                        "is_new": false,
                        "is_pack": false,
                        "pack_size": null,
                        "unit_name": null,
                        "unit_size": 0.33,
                        "bulk_price": "1.06",
                        "unit_price": "0.35",
                        "approx_size": false,
                        "size_format": "l",
                        "total_units": null,
                        "unit_selector": true,
                        "bunch_selector": false,
                        "drained_weight": null,
                        "price_decreased": false,
                        "reference_price": "1.06",
                        "min_bunch_amount": 1.0,
                        "reference_format": "L",
                        "increment_bunch_amount": 1.0
                    }
                },
                {
                    "id": "66787",
                    "limit": 1000,
                    "badges": {
                        "is_water": false,
                        "requires_age_check": true
                    },
                    "packaging": "Barril",
                    "thumbnail": "https://prod-mercadona.imgix.net/20190521/87/66787/vlc1/66787_00_01.jpg?fit=crop&h=206&w=206",
                    "display_name": "Cervesa Pils Krombacher",
                    "bunch_selector": false,
                    "price_instructions": {
                        "iva": 21,
                        "is_new": false,
                        "is_pack": false,
                        "pack_size": null,
                        "unit_name": null,
                        "unit_size": 5.0,
                        "bulk_price": "2.40",
                        "unit_price": "12.00",
                        "approx_size": false,
                        "size_format": "l",
                        "total_units": null,
                        "unit_selector": true,
                        "bunch_selector": false,
                        "drained_weight": null,
                        "price_decreased": false,
                        "reference_price": "2.40",
                        "min_bunch_amount": 1.0,
                        "reference_format": "L",
                        "increment_bunch_amount": 1.0
                    }
                },
                {
                    "id": "66785",
                    "limit": 1000,
                    "badges": {
                        "is_water": false,
                        "requires_age_check": true
                    },
                    "packaging": "Ampolla",
                    "thumbnail": "https://prod-mercadona.imgix.net/20190521/85/66785/vlc1/66785_00_02.jpg?fit=crop&h=206&w=206",
                    "display_name": "Cervesa Suau Steinburg",
                    "bunch_selector": false,
                    "price_instructions": {
                        "iva": 21,
                        "is_new": false,
                        "is_pack": false,
                        "pack_size": null,
                        "unit_name": null,
                        "unit_size": 1.0,
                        "bulk_price": "0.65",
                        "unit_price": "0.65",
                        "approx_size": false,
                        "size_format": "l",
                        "total_units": null,
                        "unit_selector": true,
                        "bunch_selector": false,
                        "drained_weight": null,
                        "price_decreased": false,
                        "reference_price": "0.65",
                        "min_bunch_amount": 1.0,
                        "reference_format": "L",
                        "increment_bunch_amount": 1.0
                    }
                },
                {
                    "id": "66763",
                    "limit": 1000,
                    "badges": {
                        "is_water": false,
                        "requires_age_check": true
                    },
                    "packaging": "Ampolla",
                    "thumbnail": "https://prod-mercadona.imgix.net/20190521/63/66763/vlc1/66763_00_02.jpg?fit=crop&h=206&w=206",
                    "display_name": "Cervesa Radler amb suc natural de llimona Steinburg",
                    "bunch_selector": false,
                    "price_instructions": {
                        "iva": 21,
                        "is_new": false,
                        "is_pack": false,
                        "pack_size": null,
                        "unit_name": null,
                        "unit_size": 1.0,
                        "bulk_price": "1.05",
                        "unit_price": "1.05",
                        "approx_size": false,
                        "size_format": "l",
                        "total_units": null,
                        "unit_selector": true,
                        "bunch_selector": false,
                        "drained_weight": null,
                        "price_decreased": false,
                        "reference_price": "1.05",
                        "min_bunch_amount": 1.0,
                        "reference_format": "L",
                        "increment_bunch_amount": 1.0
                    }
                },
                {
                    "id": "66389",
                    "limit": 1000,
                    "badges": {
                        "is_water": false,
                        "requires_age_check": true
                    },
                    "packaging": "Ampolleta",
                    "thumbnail": "https://prod-mercadona.imgix.net/20190521/89/66389/vlc1/66389_00_02.jpg?fit=crop&h=206&w=206",
                    "display_name": "Cervesa de celler natural sense filtrar Krombacher",
                    "bunch_selector": false,
                    "price_instructions": {
                        "iva": 21,
                        "is_new": false,
                        "is_pack": false,
                        "pack_size": null,
                        "unit_name": null,
                        "unit_size": 0.33,
                        "bulk_price": "3.94",
                        "unit_price": "1.30",
                        "approx_size": false,
                        "size_format": "l",
                        "total_units": null,
                        "unit_selector": true,
                        "bunch_selector": false,
                        "drained_weight": null,
                        "price_decreased": false,
                        "reference_price": "3.94",
                        "min_bunch_amount": 1.0,
                        "reference_format": "L",
                        "increment_bunch_amount": 1.0
                    }
                },
                {
                    "id": "66496",
                    "limit": 1000,
                    "badges": {
                        "is_water": false,
                        "requires_age_check": true
                    },
                    "packaging": "Ampolleta",
                    "thumbnail": "https://prod-mercadona.imgix.net/20190521/96/66496/vlc1/66496_00_02.jpg?fit=crop&h=206&w=206",
                    "display_name": "Cervesa Abadia torrada Hélécine",
                    "bunch_selector": false,
                    "price_instructions": {
                        "iva": 21,
                        "is_new": false,
                        "is_pack": false,
                        "pack_size": null,
                        "unit_name": null,
                        "unit_size": 0.33,
                        "bulk_price": "3.48",
                        "unit_price": "1.15",
                        "approx_size": false,
                        "size_format": "l",
                        "total_units": null,
                        "unit_selector": true,
                        "bunch_selector": false,
                        "drained_weight": null,
                        "price_decreased": false,
                        "reference_price": "3.48",
                        "min_bunch_amount": 1.0,
                        "reference_format": "L",
                        "increment_bunch_amount": 1.0
                    }
                },
                {
                    "id": "66564",
                    "limit": 1000,
                    "badges": {
                        "is_water": false,
                        "requires_age_check": true
                    },
                    "packaging": "Ampolleta",
                    "thumbnail": "https://prod-mercadona.imgix.net/20190521/64/66564/vlc1/66564_00_02.jpg?fit=crop&h=206&w=206",
                    "display_name": "Cervesa de blat amb cirera Chérie",
                    "bunch_selector": false,
                    "price_instructions": {
                        "iva": 21,
                        "is_new": false,
                        "is_pack": false,
                        "pack_size": null,
                        "unit_name": null,
                        "unit_size": 0.33,
                        "bulk_price": "4.85",
                        "unit_price": "1.60",
                        "approx_size": false,
                        "size_format": "l",
                        "total_units": null,
                        "unit_selector": true,
                        "bunch_selector": false,
                        "drained_weight": null,
                        "price_decreased": false,
                        "reference_price": "4.85",
                        "min_bunch_amount": 1.0,
                        "reference_format": "L",
                        "increment_bunch_amount": 1.0
                    }
                },
                {
                    "id": "66981",
                    "limit": 1000,
                    "badges": {
                        "is_water": false,
                        "requires_age_check": true
                    },
                    "packaging": "Ampolleta",
                    "thumbnail": "https://prod-mercadona.imgix.net/20190521/81/66981/vlc1/66981_00_02.jpg?fit=crop&h=206&w=206",
                    "display_name": "Cervesa de blat artesana Triganer",
                    "bunch_selector": false,
                    "price_instructions": {
                        "iva": 21,
                        "is_new": false,
                        "is_pack": false,
                        "pack_size": null,
                        "unit_name": null,
                        "unit_size": 0.33,
                        "bulk_price": "4.24",
                        "unit_price": "1.40",
                        "approx_size": false,
                        "size_format": "l",
                        "total_units": null,
                        "unit_selector": true,
                        "bunch_selector": false,
                        "drained_weight": null,
                        "price_decreased": false,
                        "reference_price": "4.24",
                        "min_bunch_amount": 1.0,
                        "reference_format": "L",
                        "increment_bunch_amount": 1.0
                    }
                },
                {
                    "id": "66762",
                    "limit": 1000,
                    "badges": {
                        "is_water": false,
                        "requires_age_check": true
                    },
                    "packaging": "Llauna",
                    "thumbnail": "https://prod-mercadona.imgix.net/20190521/62/66762/vlc1/66762_00_02.jpg?fit=crop&h=206&w=206",
                    "display_name": "Cervesa amb gust de tequila 1897",
                    "bunch_selector": false,
                    "price_instructions": {
                        "iva": 21,
                        "is_new": false,
                        "is_pack": false,
                        "pack_size": null,
                        "unit_name": null,
                        "unit_size": 0.33,
                        "bulk_price": "1.52",
                        "unit_price": "0.50",
                        "approx_size": false,
                        "size_format": "l",
                        "total_units": null,
                        "unit_selector": true,
                        "bunch_selector": false,
                        "drained_weight": null,
                        "price_decreased": false,
                        "reference_price": "1.52",
                        "min_bunch_amount": 1.0,
                        "reference_format": "L",
                        "increment_bunch_amount": 1.0
                    }
                },
                {
                    "id": "66761",
                    "limit": 1000,
                    "badges": {
                        "is_water": false,
                        "requires_age_check": true
                    },
                    "packaging": "Paquet-6",
                    "thumbnail": "https://prod-mercadona.imgix.net/20190521/61/66761/vlc1/66761_00_01.jpg?fit=crop&h=206&w=206",
                    "display_name": "Cervesa amb gust de tequila 1897",
                    "bunch_selector": false,
                    "price_instructions": {
                        "iva": 21,
                        "is_new": false,
                        "is_pack": true,
                        "pack_size": 0.33,
                        "unit_name": "llaunes",
                        "unit_size": 1.98,
                        "bulk_price": "1.52",
                        "unit_price": "3.00",
                        "approx_size": false,
                        "size_format": "l",
                        "total_units": 6,
                        "unit_selector": true,
                        "bunch_selector": false,
                        "drained_weight": null,
                        "price_decreased": false,
                        "reference_price": "1.52",
                        "min_bunch_amount": 1.0,
                        "reference_format": "L",
                        "increment_bunch_amount": 1.0
                    }
                },
                {
                    "id": "67090",
                    "limit": 1000,
                    "badges": {
                        "is_water": false,
                        "requires_age_check": true
                    },
                    "packaging": null,
                    "thumbnail": "https://prod-mercadona.imgix.net/20190521/90/67090/vlc1/67090_00_01.jpg?fit=crop&h=206&w=206",
                    "display_name": "Cervesa Amstel",
                    "bunch_selector": false,
                    "price_instructions": {
                        "iva": 21,
                        "is_new": false,
                        "is_pack": true,
                        "pack_size": 0.33,
                        "unit_name": "llaunes",
                        "unit_size": 5.94,
                        "bulk_price": "1.30",
                        "unit_price": "7.74",
                        "approx_size": false,
                        "size_format": "l",
                        "total_units": 18,
                        "unit_selector": true,
                        "bunch_selector": false,
                        "drained_weight": null,
                        "price_decreased": false,
                        "reference_price": "1.30",
                        "min_bunch_amount": 1.0,
                        "reference_format": "L",
                        "increment_bunch_amount": 1.0
                    }
                },
                {
                    "id": "66411",
                    "limit": 1000,
                    "badges": {
                        "is_water": false,
                        "requires_age_check": true
                    },
                    "packaging": "Paquet-6",
                    "thumbnail": "https://prod-mercadona.imgix.net/20190521/11/66411/vlc1/66411_00_01.jpg?fit=crop&h=206&w=206",
                    "display_name": "Cervesa Radler amb suc natural de llimona Steinburg",
                    "bunch_selector": false,
                    "price_instructions": {
                        "iva": 21,
                        "is_new": false,
                        "is_pack": true,
                        "pack_size": 0.33,
                        "unit_name": "ampolles",
                        "unit_size": 1.98,
                        "bulk_price": "1.12",
                        "unit_price": "2.22",
                        "approx_size": false,
                        "size_format": "l",
                        "total_units": 6,
                        "unit_selector": true,
                        "bunch_selector": false,
                        "drained_weight": null,
                        "price_decreased": false,
                        "reference_price": "1.12",
                        "min_bunch_amount": 1.0,
                        "reference_format": "L",
                        "increment_bunch_amount": 1.0
                    }
                },
                {
                    "id": "66896",
                    "limit": 1000,
                    "badges": {
                        "is_water": false,
                        "requires_age_check": true
                    },
                    "packaging": "Ampolleta",
                    "thumbnail": "https://prod-mercadona.imgix.net/20190521/96/66896/vlc1/66896_00_02.jpg?fit=crop&h=206&w=206",
                    "display_name": "Cervesa IPA aromàtica i amarga Especialidades 1897",
                    "bunch_selector": false,
                    "price_instructions": {
                        "iva": 21,
                        "is_new": false,
                        "is_pack": false,
                        "pack_size": null,
                        "unit_name": null,
                        "unit_size": 0.33,
                        "bulk_price": "3.64",
                        "unit_price": "1.20",
                        "approx_size": false,
                        "size_format": "l",
                        "total_units": null,
                        "unit_selector": true,
                        "bunch_selector": false,
                        "drained_weight": null,
                        "price_decreased": false,
                        "reference_price": "3.64",
                        "min_bunch_amount": 1.0,
                        "reference_format": "L",
                        "increment_bunch_amount": 1.0
                    }
                },
                {
                    "id": "66774",
                    "limit": 1000,
                    "badges": {
                        "is_water": false,
                        "requires_age_check": true
                    },
                    "packaging": "Paquet-6",
                    "thumbnail": "https://prod-mercadona.imgix.net/20190521/74/66774/vlc1/66774_00_01.jpg?fit=crop&h=206&w=206",
                    "display_name": "Cervesa Torrada 1897",
                    "bunch_selector": false,
                    "price_instructions": {
                        "iva": 21,
                        "is_new": false,
                        "is_pack": true,
                        "pack_size": 0.33,
                        "unit_name": "llaunes",
                        "unit_size": 1.98,
                        "bulk_price": "1.39",
                        "unit_price": "2.76",
                        "approx_size": false,
                        "size_format": "l",
                        "total_units": 6,
                        "unit_selector": true,
                        "bunch_selector": false,
                        "drained_weight": null,
                        "price_decreased": false,
                        "reference_price": "1.39",
                        "min_bunch_amount": 1.0,
                        "reference_format": "L",
                        "increment_bunch_amount": 1.0
                    }
                },
                {
                    "id": "66983",
                    "limit": 1000,
                    "badges": {
                        "is_water": false,
                        "requires_age_check": true
                    },
                    "packaging": "Ampolleta",
                    "thumbnail": "https://prod-mercadona.imgix.net/20190521/83/66983/vlc1/66983_00_02.jpg?fit=crop&h=206&w=206",
                    "display_name": "Cervesa doble malta sense gluten Belgian Blonde Birra & Blues",
                    "bunch_selector": false,
                    "price_instructions": {
                        "iva": 21,
                        "is_new": false,
                        "is_pack": false,
                        "pack_size": null,
                        "unit_name": null,
                        "unit_size": 0.33,
                        "bulk_price": "5.15",
                        "unit_price": "1.70",
                        "approx_size": false,
                        "size_format": "l",
                        "total_units": null,
                        "unit_selector": true,
                        "bunch_selector": false,
                        "drained_weight": null,
                        "price_decreased": false,
                        "reference_price": "5.15",
                        "min_bunch_amount": 1.0,
                        "reference_format": "L",
                        "increment_bunch_amount": 1.0
                    }
                },
                {
                    "id": "66982",
                    "limit": 1000,
                    "badges": {
                        "is_water": false,
                        "requires_age_check": true
                    },
                    "packaging": "Ampolleta",
                    "thumbnail": "https://prod-mercadona.imgix.net/20190521/82/66982/vlc1/66982_00_02.jpg?fit=crop&h=206&w=206",
                    "display_name": "Cervesa artesana Paquita Brown Tyris",
                    "bunch_selector": false,
                    "price_instructions": {
                        "iva": 21,
                        "is_new": false,
                        "is_pack": false,
                        "pack_size": null,
                        "unit_name": null,
                        "unit_size": 0.33,
                        "bulk_price": "5.00",
                        "unit_price": "1.65",
                        "approx_size": false,
                        "size_format": "l",
                        "total_units": null,
                        "unit_selector": true,
                        "bunch_selector": false,
                        "drained_weight": null,
                        "price_decreased": false,
                        "reference_price": "5.00",
                        "min_bunch_amount": 1.0,
                        "reference_format": "L",
                        "increment_bunch_amount": 1.0
                    }
                },
                {
                    "id": "66775",
                    "limit": 1000,
                    "badges": {
                        "is_water": false,
                        "requires_age_check": true
                    },
                    "packaging": "Llauna",
                    "thumbnail": "https://prod-mercadona.imgix.net/20190521/75/66775/vlc1/66775_00_02.jpg?fit=crop&h=206&w=206",
                    "display_name": "Cervesa Torrada 1897",
                    "bunch_selector": false,
                    "price_instructions": {
                        "iva": 21,
                        "is_new": false,
                        "is_pack": false,
                        "pack_size": null,
                        "unit_name": null,
                        "unit_size": 0.33,
                        "bulk_price": "1.39",
                        "unit_price": "0.46",
                        "approx_size": false,
                        "size_format": "l",
                        "total_units": null,
                        "unit_selector": true,
                        "bunch_selector": false,
                        "drained_weight": null,
                        "price_decreased": false,
                        "reference_price": "1.39",
                        "min_bunch_amount": 1.0,
                        "reference_format": "L",
                        "increment_bunch_amount": 1.0
                    }
                },
                {
                    "id": "66776",
                    "limit": 1000,
                    "badges": {
                        "is_water": false,
                        "requires_age_check": true
                    },
                    "packaging": "Paquet-6",
                    "thumbnail": "https://prod-mercadona.imgix.net/20190521/76/66776/vlc1/66776_00_01.jpg?fit=crop&h=206&w=206",
                    "display_name": "Cervesa Torrada 1897",
                    "bunch_selector": false,
                    "price_instructions": {
                        "iva": 21,
                        "is_new": false,
                        "is_pack": true,
                        "pack_size": 0.35,
                        "unit_name": "ampolletes",
                        "unit_size": 1.98,
                        "bulk_price": "2.00",
                        "unit_price": "3.96",
                        "approx_size": false,
                        "size_format": "l",
                        "total_units": 6,
                        "unit_selector": true,
                        "bunch_selector": false,
                        "drained_weight": null,
                        "price_decreased": false,
                        "reference_price": "2.00",
                        "min_bunch_amount": 1.0,
                        "reference_format": "L",
                        "increment_bunch_amount": 1.0
                    }
                },
                {
                    "id": "66777",
                    "limit": 1000,
                    "badges": {
                        "is_water": false,
                        "requires_age_check": true
                    },
                    "packaging": "Ampolleta",
                    "thumbnail": "https://prod-mercadona.imgix.net/20190521/77/66777/vlc1/66777_00_02.jpg?fit=crop&h=206&w=206",
                    "display_name": "Cervesa Torrada 1897",
                    "bunch_selector": false,
                    "price_instructions": {
                        "iva": 21,
                        "is_new": false,
                        "is_pack": false,
                        "pack_size": null,
                        "unit_name": null,
                        "unit_size": 0.33,
                        "bulk_price": "2.00",
                        "unit_price": "0.66",
                        "approx_size": false,
                        "size_format": "l",
                        "total_units": null,
                        "unit_selector": true,
                        "bunch_selector": false,
                        "drained_weight": null,
                        "price_decreased": false,
                        "reference_price": "2.00",
                        "min_bunch_amount": 1.0,
                        "reference_format": "L",
                        "increment_bunch_amount": 1.0
                    }
                },
                {
                    "id": "66780",
                    "limit": 1000,
                    "badges": {
                        "is_water": false,
                        "requires_age_check": true
                    },
                    "packaging": "Paquet-6",
                    "thumbnail": "https://prod-mercadona.imgix.net/20190521/80/66780/vlc1/66780_00_01.jpg?fit=crop&h=206&w=206",
                    "display_name": "Cervesa negra Black 1897",
                    "bunch_selector": false,
                    "price_instructions": {
                        "iva": 21,
                        "is_new": false,
                        "is_pack": true,
                        "pack_size": 0.33,
                        "unit_name": "ampolletes",
                        "unit_size": 1.98,
                        "bulk_price": "1.97",
                        "unit_price": "3.90",
                        "approx_size": false,
                        "size_format": "l",
                        "total_units": 6,
                        "unit_selector": true,
                        "bunch_selector": false,
                        "drained_weight": null,
                        "price_decreased": false,
                        "reference_price": "1.97",
                        "min_bunch_amount": 1.0,
                        "reference_format": "L",
                        "increment_bunch_amount": 1.0
                    }
                },
                {
                    "id": "66781",
                    "limit": 1000,
                    "badges": {
                        "is_water": false,
                        "requires_age_check": true
                    },
                    "packaging": "Ampolleta",
                    "thumbnail": "https://prod-mercadona.imgix.net/20190521/81/66781/vlc1/66781_00_02.jpg?fit=crop&h=206&w=206",
                    "display_name": "Cervesa negra Black 1897",
                    "bunch_selector": false,
                    "price_instructions": {
                        "iva": 21,
                        "is_new": false,
                        "is_pack": false,
                        "pack_size": null,
                        "unit_name": null,
                        "unit_size": 0.33,
                        "bulk_price": "1.97",
                        "unit_price": "0.65",
                        "approx_size": false,
                        "size_format": "l",
                        "total_units": null,
                        "unit_selector": true,
                        "bunch_selector": false,
                        "drained_weight": null,
                        "price_decreased": false,
                        "reference_price": "1.97",
                        "min_bunch_amount": 1.0,
                        "reference_format": "L",
                        "increment_bunch_amount": 1.0
                    }
                },
                {
                    "id": "66031",
                    "limit": 1000,
                    "badges": {
                        "is_water": false,
                        "requires_age_check": true
                    },
                    "packaging": "Paquet-12",
                    "thumbnail": "https://prod-mercadona.imgix.net/20190521/31/66031/vlc1/66031_00_01.jpg?fit=crop&h=206&w=206",
                    "display_name": "Cervesa especial Mahou",
                    "bunch_selector": false,
                    "price_instructions": {
                        "iva": 21,
                        "is_new": false,
                        "is_pack": true,
                        "pack_size": 0.33,
                        "unit_name": "llaunes",
                        "unit_size": 3.96,
                        "bulk_price": "1.97",
                        "unit_price": "7.80",
                        "approx_size": false,
                        "size_format": "l",
                        "total_units": 12,
                        "unit_selector": true,
                        "bunch_selector": false,
                        "drained_weight": null,
                        "price_decreased": false,
                        "reference_price": "1.97",
                        "min_bunch_amount": 1.0,
                        "reference_format": "L",
                        "increment_bunch_amount": 1.0
                    }
                },
                {
                    "id": "66026",
                    "limit": 1000,
                    "badges": {
                        "is_water": false,
                        "requires_age_check": true
                    },
                    "packaging": "Paquet-12",
                    "thumbnail": "https://prod-mercadona.imgix.net/20190521/26/66026/vlc1/66026_00_01.jpg?fit=crop&h=206&w=206",
                    "display_name": "Cervesa especial San Miguel",
                    "bunch_selector": false,
                    "price_instructions": {
                        "iva": 21,
                        "is_new": false,
                        "is_pack": true,
                        "pack_size": 0.33,
                        "unit_name": "llaunes",
                        "unit_size": 3.96,
                        "bulk_price": "1.33",
                        "unit_price": "5.28",
                        "approx_size": false,
                        "size_format": "l",
                        "total_units": 12,
                        "unit_selector": true,
                        "bunch_selector": false,
                        "drained_weight": null,
                        "price_decreased": false,
                        "reference_price": "1.33",
                        "min_bunch_amount": 1.0,
                        "reference_format": "L",
                        "increment_bunch_amount": 1.0
                    }
                },
                {
                    "id": "66413",
                    "limit": 1000,
                    "badges": {
                        "is_water": false,
                        "requires_age_check": true
                    },
                    "packaging": "Paquet-12",
                    "thumbnail": "https://prod-mercadona.imgix.net/20190521/13/66413/vlc1/66413_00_01.jpg?fit=crop&h=206&w=206",
                    "display_name": "Cervesa Amstel",
                    "bunch_selector": false,
                    "price_instructions": {
                        "iva": 21,
                        "is_new": false,
                        "is_pack": true,
                        "pack_size": 0.25,
                        "unit_name": "ampolletes",
                        "unit_size": 3.0,
                        "bulk_price": "1.37",
                        "unit_price": "4.12",
                        "approx_size": false,
                        "size_format": "l",
                        "total_units": 12,
                        "unit_selector": true,
                        "bunch_selector": false,
                        "drained_weight": null,
                        "price_decreased": false,
                        "reference_price": "1.37",
                        "min_bunch_amount": 0.0,
                        "reference_format": "L",
                        "increment_bunch_amount": 0.0
                    }
                },
                {
                    "id": "66778",
                    "limit": 1000,
                    "badges": {
                        "is_water": false,
                        "requires_age_check": true
                    },
                    "packaging": "Paquet-6",
                    "thumbnail": "https://prod-mercadona.imgix.net/20190521/78/66778/vlc1/66778_00_01.jpg?fit=crop&h=206&w=206",
                    "display_name": "Cervesa negra Black 1897",
                    "bunch_selector": false,
                    "price_instructions": {
                        "iva": 21,
                        "is_new": false,
                        "is_pack": true,
                        "pack_size": 0.33,
                        "unit_name": "llaunes",
                        "unit_size": 1.98,
                        "bulk_price": "1.36",
                        "unit_price": "2.70",
                        "approx_size": false,
                        "size_format": "l",
                        "total_units": 6,
                        "unit_selector": true,
                        "bunch_selector": false,
                        "drained_weight": null,
                        "price_decreased": false,
                        "reference_price": "1.36",
                        "min_bunch_amount": 1.0,
                        "reference_format": "L",
                        "increment_bunch_amount": 1.0
                    }
                },
                {
                    "id": "66483",
                    "limit": 1000,
                    "badges": {
                        "is_water": false,
                        "requires_age_check": true
                    },
                    "packaging": "Paquet-6",
                    "thumbnail": "https://prod-mercadona.imgix.net/20190521/83/66483/vlc1/66483_00_01.jpg?fit=crop&h=206&w=206",
                    "display_name": "Cervesa Suau Steinburg",
                    "bunch_selector": false,
                    "price_instructions": {
                        "iva": 21,
                        "is_new": false,
                        "is_pack": true,
                        "pack_size": 0.25,
                        "unit_name": "ampolletes",
                        "unit_size": 1.5,
                        "bulk_price": "0.93",
                        "unit_price": "1.39",
                        "approx_size": false,
                        "size_format": "l",
                        "total_units": 6,
                        "unit_selector": true,
                        "bunch_selector": false,
                        "drained_weight": null,
                        "price_decreased": false,
                        "reference_price": "0.93",
                        "min_bunch_amount": 1.0,
                        "reference_format": "L",
                        "increment_bunch_amount": 1.0
                    }
                },
                {
                    "id": "66485",
                    "limit": 1000,
                    "badges": {
                        "is_water": false,
                        "requires_age_check": true
                    },
                    "packaging": "Paquet-12",
                    "thumbnail": "https://prod-mercadona.imgix.net/20190521/85/66485/vlc1/66485_00_01.jpg?fit=crop&h=206&w=206",
                    "display_name": "Cervesa Suau Steinburg",
                    "bunch_selector": false,
                    "price_instructions": {
                        "iva": 21,
                        "is_new": false,
                        "is_pack": true,
                        "pack_size": 0.33,
                        "unit_name": "llaunes",
                        "unit_size": 3.96,
                        "bulk_price": "0.67",
                        "unit_price": "2.64",
                        "approx_size": false,
                        "size_format": "l",
                        "total_units": 12,
                        "unit_selector": true,
                        "bunch_selector": false,
                        "drained_weight": null,
                        "price_decreased": false,
                        "reference_price": "0.67",
                        "min_bunch_amount": 1.0,
                        "reference_format": "L",
                        "increment_bunch_amount": 1.0
                    }
                },
                {
                    "id": "66594",
                    "limit": 1000,
                    "badges": {
                        "is_water": false,
                        "requires_age_check": true
                    },
                    "packaging": "Llauna",
                    "thumbnail": "https://prod-mercadona.imgix.net/20190521/94/66594/vlc1/66594_00_02.jpg?fit=crop&h=206&w=206",
                    "display_name": "Cervesa Pilsen Sabor a Sur Steinburg",
                    "bunch_selector": false,
                    "price_instructions": {
                        "iva": 21,
                        "is_new": false,
                        "is_pack": false,
                        "pack_size": null,
                        "unit_name": null,
                        "unit_size": 0.33,
                        "bulk_price": "0.88",
                        "unit_price": "0.29",
                        "approx_size": false,
                        "size_format": "l",
                        "total_units": null,
                        "unit_selector": true,
                        "bunch_selector": false,
                        "drained_weight": null,
                        "price_decreased": false,
                        "reference_price": "0.88",
                        "min_bunch_amount": 1.0,
                        "reference_format": "L",
                        "increment_bunch_amount": 1.0
                    }
                },
                {
                    "id": "66779",
                    "limit": 1000,
                    "badges": {
                        "is_water": false,
                        "requires_age_check": false
                    },
                    "packaging": "Llauna",
                    "thumbnail": "https://prod-mercadona.imgix.net/20190521/79/66779/vlc1/66779_00_02.jpg?fit=crop&h=206&w=206",
                    "display_name": "Cervesa negra Black 1897",
                    "bunch_selector": false,
                    "price_instructions": {
                        "iva": 21,
                        "is_new": false,
                        "is_pack": false,
                        "pack_size": null,
                        "unit_name": null,
                        "unit_size": 0.33,
                        "bulk_price": "1.36",
                        "unit_price": "0.45",
                        "approx_size": false,
                        "size_format": "l",
                        "total_units": null,
                        "unit_selector": true,
                        "bunch_selector": false,
                        "drained_weight": null,
                        "price_decreased": false,
                        "reference_price": "1.36",
                        "min_bunch_amount": 1.0,
                        "reference_format": "L",
                        "increment_bunch_amount": 1.0
                    }
                },
                {
                    "id": "66590",
                    "limit": 1000,
                    "badges": {
                        "is_water": false,
                        "requires_age_check": true
                    },
                    "packaging": "Ampolla",
                    "thumbnail": "https://prod-mercadona.imgix.net/20190521/90/66590/vlc1/66590_00_02.jpg?fit=crop&h=206&w=206",
                    "display_name": "Cervesa Shandy gust llimona Steinburg",
                    "bunch_selector": false,
                    "price_instructions": {
                        "iva": 21,
                        "is_new": false,
                        "is_pack": false,
                        "pack_size": null,
                        "unit_name": null,
                        "unit_size": 1.0,
                        "bulk_price": "0.95",
                        "unit_price": "0.95",
                        "approx_size": false,
                        "size_format": "l",
                        "total_units": null,
                        "unit_selector": true,
                        "bunch_selector": false,
                        "drained_weight": null,
                        "price_decreased": false,
                        "reference_price": "0.95",
                        "min_bunch_amount": 1.0,
                        "reference_format": "L",
                        "increment_bunch_amount": 1.0
                    }
                },
                {
                    "id": "66772",
                    "limit": 1000,
                    "badges": {
                        "is_water": false,
                        "requires_age_check": true
                    },
                    "packaging": "Paquet-6",
                    "thumbnail": "https://prod-mercadona.imgix.net/20190521/72/66772/vlc1/66772_00_01.jpg?fit=crop&h=206&w=206",
                    "display_name": "Cervesa Shandy gust llimona Steinburg",
                    "bunch_selector": false,
                    "price_instructions": {
                        "iva": 21,
                        "is_new": false,
                        "is_pack": true,
                        "pack_size": 0.33,
                        "unit_name": "ampolletes",
                        "unit_size": 1.98,
                        "bulk_price": "1.03",
                        "unit_price": "2.04",
                        "approx_size": false,
                        "size_format": "l",
                        "total_units": 6,
                        "unit_selector": true,
                        "bunch_selector": false,
                        "drained_weight": null,
                        "price_decreased": false,
                        "reference_price": "1.03",
                        "min_bunch_amount": 1.0,
                        "reference_format": "L",
                        "increment_bunch_amount": 1.0
                    }
                },
                {
                    "id": "66897",
                    "limit": 1000,
                    "badges": {
                        "is_water": false,
                        "requires_age_check": true
                    },
                    "packaging": "Paquet-4",
                    "thumbnail": "https://prod-mercadona.imgix.net/20190521/97/66897/vlc1/66897_00_01.jpg?fit=crop&h=206&w=206",
                    "display_name": "Cervesa de blat suau Especialidades 1897",
                    "bunch_selector": false,
                    "price_instructions": {
                        "iva": 21,
                        "is_new": false,
                        "is_pack": true,
                        "pack_size": 0.33,
                        "unit_name": "ampolletes",
                        "unit_size": 1.32,
                        "bulk_price": "3.48",
                        "unit_price": "4.60",
                        "approx_size": false,
                        "size_format": "l",
                        "total_units": 4,
                        "unit_selector": true,
                        "bunch_selector": false,
                        "drained_weight": null,
                        "price_decreased": false,
                        "reference_price": "3.48",
                        "min_bunch_amount": 1.0,
                        "reference_format": "L",
                        "increment_bunch_amount": 1.0
                    }
                },
                {
                    "id": "66773",
                    "limit": 1000,
                    "badges": {
                        "is_water": false,
                        "requires_age_check": true
                    },
                    "packaging": "Ampolleta",
                    "thumbnail": "https://prod-mercadona.imgix.net/20190521/73/66773/vlc1/66773_00_02.jpg?fit=crop&h=206&w=206",
                    "display_name": "Cervesa Shandy gust llimona Steinburg",
                    "bunch_selector": false,
                    "price_instructions": {
                        "iva": 21,
                        "is_new": false,
                        "is_pack": false,
                        "pack_size": null,
                        "unit_name": null,
                        "unit_size": 0.33,
                        "bulk_price": "1.03",
                        "unit_price": "0.34",
                        "approx_size": false,
                        "size_format": "l",
                        "total_units": null,
                        "unit_selector": true,
                        "bunch_selector": false,
                        "drained_weight": null,
                        "price_decreased": false,
                        "reference_price": "1.03",
                        "min_bunch_amount": 1.0,
                        "reference_format": "L",
                        "increment_bunch_amount": 1.0
                    }
                },
                {
                    "id": "66770",
                    "limit": 1000,
                    "badges": {
                        "is_water": false,
                        "requires_age_check": true
                    },
                    "packaging": "Paquet-12",
                    "thumbnail": "https://prod-mercadona.imgix.net/20190521/70/66770/vlc1/66770_00_01.jpg?fit=crop&h=206&w=206",
                    "display_name": "Cervesa Shandy gust llimona Steinburg",
                    "bunch_selector": false,
                    "price_instructions": {
                        "iva": 21,
                        "is_new": false,
                        "is_pack": true,
                        "pack_size": 0.33,
                        "unit_name": "llaunes",
                        "unit_size": 3.96,
                        "bulk_price": "0.97",
                        "unit_price": "3.84",
                        "approx_size": false,
                        "size_format": "l",
                        "total_units": 12,
                        "unit_selector": true,
                        "bunch_selector": false,
                        "drained_weight": null,
                        "price_decreased": false,
                        "reference_price": "0.97",
                        "min_bunch_amount": 1.0,
                        "reference_format": "L",
                        "increment_bunch_amount": 1.0
                    }
                },
                {
                    "id": "66898",
                    "limit": 1000,
                    "badges": {
                        "is_water": false,
                        "requires_age_check": true
                    },
                    "packaging": "Ampolleta",
                    "thumbnail": "https://prod-mercadona.imgix.net/20190521/98/66898/vlc1/66898_00_02.jpg?fit=crop&h=206&w=206",
                    "display_name": "Cervesa de blat suau Especialidades 1897",
                    "bunch_selector": false,
                    "price_instructions": {
                        "iva": 21,
                        "is_new": false,
                        "is_pack": false,
                        "pack_size": null,
                        "unit_name": null,
                        "unit_size": 0.33,
                        "bulk_price": "3.48",
                        "unit_price": "1.15",
                        "approx_size": false,
                        "size_format": "l",
                        "total_units": null,
                        "unit_selector": true,
                        "bunch_selector": false,
                        "drained_weight": null,
                        "price_decreased": false,
                        "reference_price": "3.48",
                        "min_bunch_amount": 1.0,
                        "reference_format": "L",
                        "increment_bunch_amount": 1.0
                    }
                },
                {
                    "id": "66771",
                    "limit": 1000,
                    "badges": {
                        "is_water": false,
                        "requires_age_check": true
                    },
                    "packaging": "Llauna",
                    "thumbnail": "https://prod-mercadona.imgix.net/20190521/71/66771/vlc1/66771_00_02.jpg?fit=crop&h=206&w=206",
                    "display_name": "Cervesa Shandy gust llimona Steinburg",
                    "bunch_selector": false,
                    "price_instructions": {
                        "iva": 21,
                        "is_new": false,
                        "is_pack": false,
                        "pack_size": null,
                        "unit_name": null,
                        "unit_size": 0.33,
                        "bulk_price": "0.97",
                        "unit_price": "0.32",
                        "approx_size": false,
                        "size_format": "l",
                        "total_units": null,
                        "unit_selector": true,
                        "bunch_selector": false,
                        "drained_weight": null,
                        "price_decreased": false,
                        "reference_price": "0.97",
                        "min_bunch_amount": 1.0,
                        "reference_format": "L",
                        "increment_bunch_amount": 1.0
                    }
                },
                {
                    "id": "66513",
                    "limit": 1000,
                    "badges": {
                        "is_water": false,
                        "requires_age_check": true
                    },
                    "packaging": "Ampolleta",
                    "thumbnail": "https://prod-mercadona.imgix.net/20190521/13/66513/vlc1/66513_00_02.jpg?fit=crop&h=206&w=206",
                    "display_name": "Cervesa Salvator Paulaner",
                    "bunch_selector": false,
                    "price_instructions": {
                        "iva": 21,
                        "is_new": false,
                        "is_pack": false,
                        "pack_size": null,
                        "unit_name": null,
                        "unit_size": 0.33,
                        "bulk_price": "3.64",
                        "unit_price": "1.20",
                        "approx_size": false,
                        "size_format": "l",
                        "total_units": null,
                        "unit_selector": true,
                        "bunch_selector": false,
                        "drained_weight": null,
                        "price_decreased": false,
                        "reference_price": "3.64",
                        "min_bunch_amount": 1.0,
                        "reference_format": "L",
                        "increment_bunch_amount": 1.0
                    }
                },
                {
                    "id": "66845",
                    "limit": 1000,
                    "badges": {
                        "is_water": false,
                        "requires_age_check": true
                    },
                    "packaging": "Ampolleta",
                    "thumbnail": "https://prod-mercadona.imgix.net/20190521/45/66845/vlc1/66845_00_02.jpg?fit=crop&h=206&w=206",
                    "display_name": "Cervesa Grand Cru Especialidades 1897",
                    "bunch_selector": false,
                    "price_instructions": {
                        "iva": 21,
                        "is_new": false,
                        "is_pack": false,
                        "pack_size": null,
                        "unit_name": null,
                        "unit_size": 0.33,
                        "bulk_price": "4.85",
                        "unit_price": "1.60",
                        "approx_size": false,
                        "size_format": "l",
                        "total_units": null,
                        "unit_selector": true,
                        "bunch_selector": false,
                        "drained_weight": null,
                        "price_decreased": false,
                        "reference_price": "4.85",
                        "min_bunch_amount": 1.0,
                        "reference_format": "L",
                        "increment_bunch_amount": 1.0
                    }
                },
                {
                    "id": "66850",
                    "limit": 1000,
                    "badges": {
                        "is_water": false,
                        "requires_age_check": true
                    },
                    "packaging": "Ampolleta",
                    "thumbnail": "https://prod-mercadona.imgix.net/20190521/50/66850/vlc1/66850_00_02.jpg?fit=crop&h=206&w=206",
                    "display_name": "Cervesa 61 Deep Pale Ale Marston's",
                    "bunch_selector": false,
                    "price_instructions": {
                        "iva": 21,
                        "is_new": false,
                        "is_pack": false,
                        "pack_size": null,
                        "unit_name": null,
                        "unit_size": 0.5,
                        "bulk_price": "3.20",
                        "unit_price": "1.60",
                        "approx_size": false,
                        "size_format": "l",
                        "total_units": null,
                        "unit_selector": true,
                        "bunch_selector": false,
                        "drained_weight": null,
                        "price_decreased": false,
                        "reference_price": "3.20",
                        "min_bunch_amount": 1.0,
                        "reference_format": "L",
                        "increment_bunch_amount": 1.0
                    }
                },
                {
                    "id": "66512",
                    "limit": 1000,
                    "badges": {
                        "is_water": false,
                        "requires_age_check": true
                    },
                    "packaging": "Ampolleta",
                    "thumbnail": "https://prod-mercadona.imgix.net/20190521/12/66512/vlc1/66512_00_02.jpg?fit=crop&h=206&w=206",
                    "display_name": "Cervesa de blat torrada Paulaner",
                    "bunch_selector": false,
                    "price_instructions": {
                        "iva": 21,
                        "is_new": false,
                        "is_pack": false,
                        "pack_size": null,
                        "unit_name": null,
                        "unit_size": 0.5,
                        "bulk_price": "3.00",
                        "unit_price": "1.50",
                        "approx_size": false,
                        "size_format": "l",
                        "total_units": null,
                        "unit_selector": true,
                        "bunch_selector": false,
                        "drained_weight": null,
                        "price_decreased": false,
                        "reference_price": "3.00",
                        "min_bunch_amount": 1.0,
                        "reference_format": "L",
                        "increment_bunch_amount": 1.0
                    }
                },
                {
                    "id": "66895",
                    "limit": 1000,
                    "badges": {
                        "is_water": false,
                        "requires_age_check": true
                    },
                    "packaging": "Paquet-4",
                    "thumbnail": "https://prod-mercadona.imgix.net/20190521/95/66895/vlc1/66895_00_01.jpg?fit=crop&h=206&w=206",
                    "display_name": "Cervesa IPA aromàtica i amarga Especialidades 1897",
                    "bunch_selector": false,
                    "price_instructions": {
                        "iva": 21,
                        "is_new": false,
                        "is_pack": true,
                        "pack_size": 0.33,
                        "unit_name": "ampolletes",
                        "unit_size": 1.32,
                        "bulk_price": "3.64",
                        "unit_price": "4.80",
                        "approx_size": false,
                        "size_format": "l",
                        "total_units": 4,
                        "unit_selector": true,
                        "bunch_selector": false,
                        "drained_weight": null,
                        "price_decreased": false,
                        "reference_price": "3.64",
                        "min_bunch_amount": 1.0,
                        "reference_format": "L",
                        "increment_bunch_amount": 1.0
                    }
                },
                {
                    "id": "66769",
                    "limit": 1000,
                    "badges": {
                        "is_water": false,
                        "requires_age_check": true
                    },
                    "packaging": "Ampolla",
                    "thumbnail": "https://prod-mercadona.imgix.net/20190521/69/66769/vlc1/66769_00_02.jpg?fit=crop&h=206&w=206",
                    "display_name": "Cervesa Especial Steinburg",
                    "bunch_selector": false,
                    "price_instructions": {
                        "iva": 21,
                        "is_new": false,
                        "is_pack": false,
                        "pack_size": null,
                        "unit_name": null,
                        "unit_size": 1.0,
                        "bulk_price": "0.95",
                        "unit_price": "0.95",
                        "approx_size": false,
                        "size_format": "l",
                        "total_units": null,
                        "unit_selector": true,
                        "bunch_selector": false,
                        "drained_weight": null,
                        "price_decreased": false,
                        "reference_price": "0.95",
                        "min_bunch_amount": 1.0,
                        "reference_format": "L",
                        "increment_bunch_amount": 1.0
                    }
                },
                {
                    "id": "66795",
                    "limit": 1000,
                    "badges": {
                        "is_water": false,
                        "requires_age_check": true
                    },
                    "packaging": "Paquet-24",
                    "thumbnail": "https://prod-mercadona.imgix.net/20190521/95/66795/vlc1/66795_00_01.jpg?fit=crop&h=206&w=206",
                    "display_name": "Cervesa Especial Steinburg",
                    "bunch_selector": false,
                    "price_instructions": {
                        "iva": 21,
                        "is_new": false,
                        "is_pack": true,
                        "pack_size": 0.2,
                        "unit_name": "ampolletes",
                        "unit_size": 4.8,
                        "bulk_price": "1.75",
                        "unit_price": "8.40",
                        "approx_size": false,
                        "size_format": "l",
                        "total_units": 24,
                        "unit_selector": true,
                        "bunch_selector": false,
                        "drained_weight": null,
                        "price_decreased": false,
                        "reference_price": "1.75",
                        "min_bunch_amount": 1.0,
                        "reference_format": "L",
                        "increment_bunch_amount": 1.0
                    }
                },
                {
                    "id": "66766",
                    "limit": 1000,
                    "badges": {
                        "is_water": false,
                        "requires_age_check": true
                    },
                    "packaging": "Paquet-6",
                    "thumbnail": "https://prod-mercadona.imgix.net/20190521/66/66766/vlc1/66766_00_01.jpg?fit=crop&h=206&w=206",
                    "display_name": "Cervesa Especial Steinburg",
                    "bunch_selector": false,
                    "price_instructions": {
                        "iva": 21,
                        "is_new": false,
                        "is_pack": true,
                        "pack_size": 0.2,
                        "unit_name": "ampolletes",
                        "unit_size": 1.2,
                        "bulk_price": "1.75",
                        "unit_price": "2.10",
                        "approx_size": false,
                        "size_format": "l",
                        "total_units": 6,
                        "unit_selector": true,
                        "bunch_selector": false,
                        "drained_weight": null,
                        "price_decreased": false,
                        "reference_price": "1.75",
                        "min_bunch_amount": 1.0,
                        "reference_format": "L",
                        "increment_bunch_amount": 1.0
                    }
                },
                {
                    "id": "66767",
                    "limit": 1000,
                    "badges": {
                        "is_water": false,
                        "requires_age_check": true
                    },
                    "packaging": "Paquet-6",
                    "thumbnail": "https://prod-mercadona.imgix.net/20190521/67/66767/vlc1/66767_00_01.jpg?fit=crop&h=206&w=206",
                    "display_name": "Cervesa Especial Steinburg",
                    "bunch_selector": false,
                    "price_instructions": {
                        "iva": 21,
                        "is_new": false,
                        "is_pack": true,
                        "pack_size": 0.33,
                        "unit_name": "ampolletes",
                        "unit_size": 1.98,
                        "bulk_price": "1.21",
                        "unit_price": "2.40",
                        "approx_size": false,
                        "size_format": "l",
                        "total_units": 6,
                        "unit_selector": true,
                        "bunch_selector": false,
                        "drained_weight": null,
                        "price_decreased": false,
                        "reference_price": "1.21",
                        "min_bunch_amount": 1.0,
                        "reference_format": "L",
                        "increment_bunch_amount": 1.0
                    }
                },
                {
                    "id": "66768",
                    "limit": 1000,
                    "badges": {
                        "is_water": false,
                        "requires_age_check": true
                    },
                    "packaging": "Ampolleta",
                    "thumbnail": "https://prod-mercadona.imgix.net/20190521/68/66768/vlc1/66768_00_02.jpg?fit=crop&h=206&w=206",
                    "display_name": "Cervesa Especial Steinburg",
                    "bunch_selector": false,
                    "price_instructions": {
                        "iva": 21,
                        "is_new": false,
                        "is_pack": false,
                        "pack_size": null,
                        "unit_name": null,
                        "unit_size": 0.33,
                        "bulk_price": "1.21",
                        "unit_price": "0.40",
                        "approx_size": false,
                        "size_format": "l",
                        "total_units": null,
                        "unit_selector": true,
                        "bunch_selector": false,
                        "drained_weight": null,
                        "price_decreased": false,
                        "reference_price": "1.21",
                        "min_bunch_amount": 1.0,
                        "reference_format": "L",
                        "increment_bunch_amount": 1.0
                    }
                },
                {
                    "id": "66764",
                    "limit": 1000,
                    "badges": {
                        "is_water": false,
                        "requires_age_check": true
                    },
                    "packaging": "Paquet-12",
                    "thumbnail": "https://prod-mercadona.imgix.net/20190521/64/66764/vlc1/66764_00_01.jpg?fit=crop&h=206&w=206",
                    "display_name": "Cervesa Especial Steinburg",
                    "bunch_selector": false,
                    "price_instructions": {
                        "iva": 21,
                        "is_new": false,
                        "is_pack": true,
                        "pack_size": 0.33,
                        "unit_name": "llaunes",
                        "unit_size": 3.96,
                        "bulk_price": "0.97",
                        "unit_price": "3.84",
                        "approx_size": false,
                        "size_format": "l",
                        "total_units": 12,
                        "unit_selector": true,
                        "bunch_selector": false,
                        "drained_weight": null,
                        "price_decreased": false,
                        "reference_price": "0.97",
                        "min_bunch_amount": 1.0,
                        "reference_format": "L",
                        "increment_bunch_amount": 1.0
                    }
                },
                {
                    "id": "66765",
                    "limit": 1000,
                    "badges": {
                        "is_water": false,
                        "requires_age_check": true
                    },
                    "packaging": "Llauna",
                    "thumbnail": "https://prod-mercadona.imgix.net/20190521/65/66765/vlc1/66765_00_02.jpg?fit=crop&h=206&w=206",
                    "display_name": "Cervesa Especial Steinburg",
                    "bunch_selector": false,
                    "price_instructions": {
                        "iva": 21,
                        "is_new": false,
                        "is_pack": false,
                        "pack_size": null,
                        "unit_name": null,
                        "unit_size": 0.33,
                        "bulk_price": "0.97",
                        "unit_price": "0.32",
                        "approx_size": false,
                        "size_format": "l",
                        "total_units": null,
                        "unit_selector": true,
                        "bunch_selector": false,
                        "drained_weight": null,
                        "price_decreased": false,
                        "reference_price": "0.97",
                        "min_bunch_amount": 1.0,
                        "reference_format": "L",
                        "increment_bunch_amount": 1.0
                    }
                },
                {
                    "id": "66849",
                    "limit": 1000,
                    "badges": {
                        "is_water": false,
                        "requires_age_check": true
                    },
                    "packaging": "Ampolleta",
                    "thumbnail": "https://prod-mercadona.imgix.net/20190521/49/66849/vlc1/66849_00_02.jpg?fit=crop&h=206&w=206",
                    "display_name": "Cervesa japonesa Asahi",
                    "bunch_selector": false,
                    "price_instructions": {
                        "iva": 21,
                        "is_new": false,
                        "is_pack": false,
                        "pack_size": null,
                        "unit_name": null,
                        "unit_size": 0.33,
                        "bulk_price": "4.09",
                        "unit_price": "1.35",
                        "approx_size": false,
                        "size_format": "l",
                        "total_units": null,
                        "unit_selector": true,
                        "bunch_selector": false,
                        "drained_weight": null,
                        "price_decreased": false,
                        "reference_price": "4.09",
                        "min_bunch_amount": 1.0,
                        "reference_format": "L",
                        "increment_bunch_amount": 1.0
                    }
                },
                {
                    "id": "66480",
                    "limit": 1000,
                    "badges": {
                        "is_water": false,
                        "requires_age_check": true
                    },
                    "packaging": "Ampolleta",
                    "thumbnail": "https://prod-mercadona.imgix.net/20190521/80/66480/vlc1/66480_00_02.jpg?fit=crop&h=206&w=206",
                    "display_name": "Cervesa abadia Tongerlo",
                    "bunch_selector": false,
                    "price_instructions": {
                        "iva": 21,
                        "is_new": false,
                        "is_pack": false,
                        "pack_size": null,
                        "unit_name": null,
                        "unit_size": 0.33,
                        "bulk_price": "2.67",
                        "unit_price": "0.88",
                        "approx_size": false,
                        "size_format": "l",
                        "total_units": null,
                        "unit_selector": true,
                        "bunch_selector": false,
                        "drained_weight": null,
                        "price_decreased": false,
                        "reference_price": "2.67",
                        "min_bunch_amount": 1.0,
                        "reference_format": "L",
                        "increment_bunch_amount": 1.0
                    }
                },
                {
                    "id": "27136",
                    "limit": 1000,
                    "badges": {
                        "is_water": false,
                        "requires_age_check": true
                    },
                    "packaging": "Llauna",
                    "thumbnail": "https://prod-mercadona.imgix.net/20190521/36/27136/vlc1/27136_00_02.jpg?fit=crop&h=206&w=206",
                    "display_name": "Cervesa especial Mahou",
                    "bunch_selector": false,
                    "price_instructions": {
                        "iva": 21,
                        "is_new": false,
                        "is_pack": false,
                        "pack_size": null,
                        "unit_name": null,
                        "unit_size": 0.33,
                        "bulk_price": "1.97",
                        "unit_price": "0.65",
                        "approx_size": false,
                        "size_format": "l",
                        "total_units": null,
                        "unit_selector": true,
                        "bunch_selector": false,
                        "drained_weight": null,
                        "price_decreased": false,
                        "reference_price": "1.97",
                        "min_bunch_amount": 1.0,
                        "reference_format": "L",
                        "increment_bunch_amount": 1.0
                    }
                },
                {
                    "id": "27137",
                    "limit": 1000,
                    "badges": {
                        "is_water": false,
                        "requires_age_check": true
                    },
                    "packaging": "Llauna",
                    "thumbnail": "https://prod-mercadona.imgix.net/20190521/37/27137/vlc1/27137_00_02.jpg?fit=crop&h=206&w=206",
                    "display_name": "Cervesa doble malta Voll-Damm",
                    "bunch_selector": false,
                    "price_instructions": {
                        "iva": 21,
                        "is_new": false,
                        "is_pack": false,
                        "pack_size": null,
                        "unit_name": null,
                        "unit_size": 0.33,
                        "bulk_price": "2.36",
                        "unit_price": "0.78",
                        "approx_size": false,
                        "size_format": "l",
                        "total_units": null,
                        "unit_selector": true,
                        "bunch_selector": false,
                        "drained_weight": null,
                        "price_decreased": false,
                        "reference_price": "2.36",
                        "min_bunch_amount": 1.0,
                        "reference_format": "L",
                        "increment_bunch_amount": 1.0
                    }
                },
                {
                    "id": "27103",
                    "limit": 1000,
                    "badges": {
                        "is_water": false,
                        "requires_age_check": true
                    },
                    "packaging": "Llauna",
                    "thumbnail": "https://prod-mercadona.imgix.net/20190521/03/27103/vlc1/27103_00_02.jpg?fit=crop&h=206&w=206",
                    "display_name": "Cervesa especial San Miguel",
                    "bunch_selector": false,
                    "price_instructions": {
                        "iva": 21,
                        "is_new": false,
                        "is_pack": false,
                        "pack_size": null,
                        "unit_name": null,
                        "unit_size": 0.33,
                        "bulk_price": "1.67",
                        "unit_price": "0.55",
                        "approx_size": false,
                        "size_format": "l",
                        "total_units": null,
                        "unit_selector": true,
                        "bunch_selector": false,
                        "drained_weight": null,
                        "price_decreased": false,
                        "reference_price": "1.67",
                        "min_bunch_amount": 1.0,
                        "reference_format": "L",
                        "increment_bunch_amount": 1.0
                    }
                },
                {
                    "id": "27387",
                    "limit": 1000,
                    "badges": {
                        "is_water": false,
                        "requires_age_check": true
                    },
                    "packaging": "Llauna",
                    "thumbnail": "https://prod-mercadona.imgix.net/20190521/87/27387/vlc1/27387_00_02.jpg?fit=crop&h=206&w=206",
                    "display_name": "Cervesa amb suc natural de llimona San Miguel 0,0 % sense alcohol",
                    "bunch_selector": false,
                    "price_instructions": {
                        "iva": 21,
                        "is_new": false,
                        "is_pack": false,
                        "pack_size": null,
                        "unit_name": null,
                        "unit_size": 0.33,
                        "bulk_price": "1.73",
                        "unit_price": "0.57",
                        "approx_size": false,
                        "size_format": "l",
                        "total_units": null,
                        "unit_selector": true,
                        "bunch_selector": false,
                        "drained_weight": null,
                        "price_decreased": false,
                        "reference_price": "1.73",
                        "min_bunch_amount": 1.0,
                        "reference_format": "L",
                        "increment_bunch_amount": 1.0
                    }
                },
                {
                    "id": "66760",
                    "limit": 1000,
                    "badges": {
                        "is_water": false,
                        "requires_age_check": true
                    },
                    "packaging": "Paquet-6",
                    "thumbnail": "https://prod-mercadona.imgix.net/20190521/60/66760/vlc1/66760_00_01.jpg?fit=crop&h=206&w=206",
                    "display_name": "Cervesa amb gust de tequila 1897",
                    "bunch_selector": false,
                    "price_instructions": {
                        "iva": 21,
                        "is_new": false,
                        "is_pack": true,
                        "pack_size": 0.33,
                        "unit_name": "ampolletes",
                        "unit_size": 1.98,
                        "bulk_price": "2.27",
                        "unit_price": "4.50",
                        "approx_size": false,
                        "size_format": "l",
                        "total_units": 6,
                        "unit_selector": true,
                        "bunch_selector": false,
                        "drained_weight": null,
                        "price_decreased": false,
                        "reference_price": "2.27",
                        "min_bunch_amount": 1.0,
                        "reference_format": "L",
                        "increment_bunch_amount": 1.0
                    }
                },
                {
                    "id": "66782",
                    "limit": 1000,
                    "badges": {
                        "is_water": false,
                        "requires_age_check": true
                    },
                    "packaging": "Ampolleta",
                    "thumbnail": "https://prod-mercadona.imgix.net/20190521/82/66782/vlc1/66782_00_02.jpg?fit=crop&h=206&w=206",
                    "display_name": "Cervesa amb gust de tequila 1897",
                    "bunch_selector": false,
                    "price_instructions": {
                        "iva": 21,
                        "is_new": false,
                        "is_pack": false,
                        "pack_size": null,
                        "unit_name": null,
                        "unit_size": 0.33,
                        "bulk_price": "2.27",
                        "unit_price": "0.75",
                        "approx_size": false,
                        "size_format": "l",
                        "total_units": null,
                        "unit_selector": true,
                        "bunch_selector": false,
                        "drained_weight": null,
                        "price_decreased": false,
                        "reference_price": "2.27",
                        "min_bunch_amount": 1.0,
                        "reference_format": "L",
                        "increment_bunch_amount": 1.0
                    }
                },
                {
                    "id": "66391",
                    "limit": 1000,
                    "badges": {
                        "is_water": false,
                        "requires_age_check": true
                    },
                    "packaging": "Ampolleta",
                    "thumbnail": "https://prod-mercadona.imgix.net/20190521/91/66391/vlc1/66391_00_02.jpg?fit=crop&h=206&w=206",
                    "display_name": "Cervesa de blat Franziskaner",
                    "bunch_selector": false,
                    "price_instructions": {
                        "iva": 21,
                        "is_new": false,
                        "is_pack": false,
                        "pack_size": null,
                        "unit_name": null,
                        "unit_size": 0.355,
                        "bulk_price": "2.51",
                        "unit_price": "0.89",
                        "approx_size": false,
                        "size_format": "l",
                        "total_units": null,
                        "unit_selector": true,
                        "bunch_selector": false,
                        "drained_weight": null,
                        "price_decreased": false,
                        "reference_price": "2.51",
                        "min_bunch_amount": 1.0,
                        "reference_format": "L",
                        "increment_bunch_amount": 1.0
                    }
                },
                {
                    "id": "27100",
                    "limit": 1000,
                    "badges": {
                        "is_water": false,
                        "requires_age_check": true
                    },
                    "packaging": "Llauna",
                    "thumbnail": "https://prod-mercadona.imgix.net/20190521/00/27100/vlc1/27100_00_02.jpg?fit=crop&h=206&w=206",
                    "display_name": "Cervesa Heineken",
                    "bunch_selector": false,
                    "price_instructions": {
                        "iva": 21,
                        "is_new": false,
                        "is_pack": false,
                        "pack_size": null,
                        "unit_name": null,
                        "unit_size": 0.33,
                        "bulk_price": "1.94",
                        "unit_price": "0.64",
                        "approx_size": false,
                        "size_format": "l",
                        "total_units": null,
                        "unit_selector": true,
                        "bunch_selector": false,
                        "drained_weight": null,
                        "price_decreased": false,
                        "reference_price": "1.94",
                        "min_bunch_amount": 1.0,
                        "reference_format": "L",
                        "increment_bunch_amount": 1.0
                    }
                },
                {
                    "id": "66172",
                    "limit": 1000,
                    "badges": {
                        "is_water": false,
                        "requires_age_check": true
                    },
                    "packaging": "Paquet-6",
                    "thumbnail": "https://prod-mercadona.imgix.net/20190521/72/66172/vlc1/66172_00_01.jpg?fit=crop&h=206&w=206",
                    "display_name": "Cervesa Corona",
                    "bunch_selector": false,
                    "price_instructions": {
                        "iva": 21,
                        "is_new": false,
                        "is_pack": true,
                        "pack_size": 0.355,
                        "unit_name": "ampolletes",
                        "unit_size": 2.13,
                        "bulk_price": "3.72",
                        "unit_price": "7.92",
                        "approx_size": false,
                        "size_format": "l",
                        "total_units": 6,
                        "unit_selector": true,
                        "bunch_selector": false,
                        "drained_weight": null,
                        "price_decreased": false,
                        "reference_price": "3.72",
                        "min_bunch_amount": 1.0,
                        "reference_format": "L",
                        "increment_bunch_amount": 1.0
                    }
                },
                {
                    "id": "27355",
                    "limit": 1000,
                    "badges": {
                        "is_water": false,
                        "requires_age_check": true
                    },
                    "packaging": "Ampolleta",
                    "thumbnail": "https://prod-mercadona.imgix.net/20190521/55/27355/vlc1/27355_00_02.jpg?fit=crop&h=206&w=206",
                    "display_name": "Cervesa Corona",
                    "bunch_selector": false,
                    "price_instructions": {
                        "iva": 21,
                        "is_new": false,
                        "is_pack": false,
                        "pack_size": null,
                        "unit_name": null,
                        "unit_size": 0.355,
                        "bulk_price": "3.72",
                        "unit_price": "1.32",
                        "approx_size": false,
                        "size_format": "l",
                        "total_units": null,
                        "unit_selector": true,
                        "bunch_selector": false,
                        "drained_weight": null,
                        "price_decreased": false,
                        "reference_price": "3.72",
                        "min_bunch_amount": 1.0,
                        "reference_format": "L",
                        "increment_bunch_amount": 1.0
                    }
                },
                {
                    "id": "66434",
                    "limit": 1000,
                    "badges": {
                        "is_water": false,
                        "requires_age_check": true
                    },
                    "packaging": "Paquet-6",
                    "thumbnail": "https://prod-mercadona.imgix.net/20190521/34/66434/vlc1/66434_00_01.jpg?fit=crop&h=206&w=206",
                    "display_name": "Cervesa doble malta",
                    "bunch_selector": false,
                    "price_instructions": {
                        "iva": 21,
                        "is_new": false,
                        "is_pack": true,
                        "pack_size": 0.33,
                        "unit_name": "ampolletes",
                        "unit_size": 1.98,
                        "bulk_price": "2.00",
                        "unit_price": "3.96",
                        "approx_size": false,
                        "size_format": "l",
                        "total_units": 6,
                        "unit_selector": true,
                        "bunch_selector": false,
                        "drained_weight": null,
                        "price_decreased": false,
                        "reference_price": "2.00",
                        "min_bunch_amount": 0.0,
                        "reference_format": "L",
                        "increment_bunch_amount": 0.0
                    }
                },
                {
                    "id": "66390",
                    "limit": 1000,
                    "badges": {
                        "is_water": false,
                        "requires_age_check": true
                    },
                    "packaging": "Paquet-6",
                    "thumbnail": "https://prod-mercadona.imgix.net/20190521/90/66390/vlc1/66390_00_01.jpg?fit=crop&h=206&w=206",
                    "display_name": "Cervesa de blat Franziskaner",
                    "bunch_selector": false,
                    "price_instructions": {
                        "iva": 21,
                        "is_new": false,
                        "is_pack": true,
                        "pack_size": 0.355,
                        "unit_name": "ampolletes",
                        "unit_size": 2.13,
                        "bulk_price": "2.51",
                        "unit_price": "5.34",
                        "approx_size": false,
                        "size_format": "l",
                        "total_units": 6,
                        "unit_selector": true,
                        "bunch_selector": false,
                        "drained_weight": null,
                        "price_decreased": false,
                        "reference_price": "2.51",
                        "min_bunch_amount": 0.0,
                        "reference_format": "L",
                        "increment_bunch_amount": 0.0
                    }
                },
                {
                    "id": "66386",
                    "limit": 1000,
                    "badges": {
                        "is_water": false,
                        "requires_age_check": true
                    },
                    "packaging": "Paquet-4",
                    "thumbnail": "https://prod-mercadona.imgix.net/20190521/86/66386/vlc1/66386_00_01.jpg?fit=crop&h=206&w=206",
                    "display_name": "Cervesa abadia Tongerlo",
                    "bunch_selector": false,
                    "price_instructions": {
                        "iva": 21,
                        "is_new": false,
                        "is_pack": true,
                        "pack_size": 0.33,
                        "unit_name": "ampolletes",
                        "unit_size": 1.32,
                        "bulk_price": "2.67",
                        "unit_price": "3.52",
                        "approx_size": false,
                        "size_format": "l",
                        "total_units": 4,
                        "unit_selector": true,
                        "bunch_selector": false,
                        "drained_weight": null,
                        "price_decreased": false,
                        "reference_price": "2.67",
                        "min_bunch_amount": 1.0,
                        "reference_format": "L",
                        "increment_bunch_amount": 1.0
                    }
                },
                {
                    "id": "66471",
                    "limit": 1000,
                    "badges": {
                        "is_water": false,
                        "requires_age_check": true
                    },
                    "packaging": "Paquet-6",
                    "thumbnail": "https://prod-mercadona.imgix.net/20190521/71/66471/vlc1/66471_00_01.jpg?fit=crop&h=206&w=206",
                    "display_name": "Cervesa Pils Krombacher",
                    "bunch_selector": false,
                    "price_instructions": {
                        "iva": 21,
                        "is_new": false,
                        "is_pack": true,
                        "pack_size": 0.33,
                        "unit_name": "ampolletes",
                        "unit_size": 1.98,
                        "bulk_price": "1.82",
                        "unit_price": "3.60",
                        "approx_size": false,
                        "size_format": "l",
                        "total_units": 6,
                        "unit_selector": true,
                        "bunch_selector": false,
                        "drained_weight": null,
                        "price_decreased": false,
                        "reference_price": "1.82",
                        "min_bunch_amount": 1.0,
                        "reference_format": "L",
                        "increment_bunch_amount": 1.0
                    }
                },
                {
                    "id": "66430",
                    "limit": 1000,
                    "badges": {
                        "is_water": false,
                        "requires_age_check": true
                    },
                    "packaging": "Paquet-6",
                    "thumbnail": "https://prod-mercadona.imgix.net/20190521/30/66430/vlc1/66430_00_01.jpg?fit=crop&h=206&w=206",
                    "display_name": "Cervesa sense gluten Puerto Dorado",
                    "bunch_selector": false,
                    "price_instructions": {
                        "iva": 21,
                        "is_new": false,
                        "is_pack": true,
                        "pack_size": 0.25,
                        "unit_name": "ampolletes",
                        "unit_size": 1.5,
                        "bulk_price": "1.83",
                        "unit_price": "2.75",
                        "approx_size": false,
                        "size_format": "l",
                        "total_units": 6,
                        "unit_selector": true,
                        "bunch_selector": false,
                        "drained_weight": null,
                        "price_decreased": false,
                        "reference_price": "1.83",
                        "min_bunch_amount": 0.0,
                        "reference_format": "L",
                        "increment_bunch_amount": 0.0
                    }
                },
                {
                    "id": "66552",
                    "limit": 1000,
                    "badges": {
                        "is_water": false,
                        "requires_age_check": true
                    },
                    "packaging": "Ampolleta",
                    "thumbnail": "https://prod-mercadona.imgix.net/20190521/52/66552/vlc1/66552_00_01.jpg?fit=crop&h=206&w=206",
                    "display_name": "Cervesa vermella gust intens",
                    "bunch_selector": false,
                    "price_instructions": {
                        "iva": 21,
                        "is_new": false,
                        "is_pack": true,
                        "pack_size": 0.33,
                        "unit_name": "ampolletes",
                        "unit_size": 0.33,
                        "bulk_price": "3.33",
                        "unit_price": "4.40",
                        "approx_size": false,
                        "size_format": "l",
                        "total_units": 4,
                        "unit_selector": true,
                        "bunch_selector": false,
                        "drained_weight": null,
                        "price_decreased": false,
                        "reference_price": "3.33",
                        "min_bunch_amount": 0.0,
                        "reference_format": "L",
                        "increment_bunch_amount": 0.0
                    }
                },
                {
                    "id": "66412",
                    "limit": 1000,
                    "badges": {
                        "is_water": false,
                        "requires_age_check": true
                    },
                    "packaging": "Ampolla",
                    "thumbnail": "https://prod-mercadona.imgix.net/20190521/12/66412/vlc1/66412_00_02.jpg?fit=crop&h=206&w=206",
                    "display_name": "Cervesa Radler amb suc natural de llimona Steinburg",
                    "bunch_selector": false,
                    "price_instructions": {
                        "iva": 21,
                        "is_new": false,
                        "is_pack": false,
                        "pack_size": null,
                        "unit_name": null,
                        "unit_size": 0.33,
                        "bulk_price": "1.12",
                        "unit_price": "0.37",
                        "approx_size": false,
                        "size_format": "l",
                        "total_units": null,
                        "unit_selector": true,
                        "bunch_selector": false,
                        "drained_weight": null,
                        "price_decreased": false,
                        "reference_price": "1.12",
                        "min_bunch_amount": 1.0,
                        "reference_format": "L",
                        "increment_bunch_amount": 1.0
                    }
                },
                {
                    "id": "27150",
                    "limit": 1000,
                    "badges": {
                        "is_water": false,
                        "requires_age_check": true
                    },
                    "packaging": "Paquet-6",
                    "thumbnail": "https://prod-mercadona.imgix.net/20190521/50/27150/vlc1/27150_00_01.jpg?fit=crop&h=206&w=206",
                    "display_name": "Cervesa reserva 1925 Alhambra",
                    "bunch_selector": false,
                    "price_instructions": {
                        "iva": 21,
                        "is_new": false,
                        "is_pack": true,
                        "pack_size": 0.33,
                        "unit_name": "ampolletes",
                        "unit_size": 1.98,
                        "bulk_price": "3.21",
                        "unit_price": "6.36",
                        "approx_size": false,
                        "size_format": "l",
                        "total_units": 6,
                        "unit_selector": true,
                        "bunch_selector": false,
                        "drained_weight": null,
                        "price_decreased": false,
                        "reference_price": "3.21",
                        "min_bunch_amount": 1.0,
                        "reference_format": "L",
                        "increment_bunch_amount": 1.0
                    }
                },
                {
                    "id": "66435",
                    "limit": 1000,
                    "badges": {
                        "is_water": false,
                        "requires_age_check": true
                    },
                    "packaging": "Paquet-6",
                    "thumbnail": "https://prod-mercadona.imgix.net/20190521/35/66435/vlc1/66435_00_01.jpg?fit=crop&h=206&w=206",
                    "display_name": "Cervesa reserva",
                    "bunch_selector": false,
                    "price_instructions": {
                        "iva": 21,
                        "is_new": false,
                        "is_pack": true,
                        "pack_size": 0.33,
                        "unit_name": "ampolletes",
                        "unit_size": 1.98,
                        "bulk_price": "2.00",
                        "unit_price": "3.96",
                        "approx_size": false,
                        "size_format": "l",
                        "total_units": 6,
                        "unit_selector": true,
                        "bunch_selector": false,
                        "drained_weight": null,
                        "price_decreased": false,
                        "reference_price": "2.00",
                        "min_bunch_amount": 1.0,
                        "reference_format": "L",
                        "increment_bunch_amount": 1.0
                    }
                },
                {
                    "id": "66436",
                    "limit": 1000,
                    "badges": {
                        "is_water": false,
                        "requires_age_check": true
                    },
                    "packaging": "Ampolleta",
                    "thumbnail": "https://prod-mercadona.imgix.net/20190521/36/66436/vlc1/66436_00_02.jpg?fit=crop&h=206&w=206",
                    "display_name": "Cervesa reserva",
                    "bunch_selector": false,
                    "price_instructions": {
                        "iva": 21,
                        "is_new": false,
                        "is_pack": false,
                        "pack_size": null,
                        "unit_name": null,
                        "unit_size": 0.33,
                        "bulk_price": "2.00",
                        "unit_price": "0.66",
                        "approx_size": false,
                        "size_format": "l",
                        "total_units": null,
                        "unit_selector": true,
                        "bunch_selector": false,
                        "drained_weight": null,
                        "price_decreased": false,
                        "reference_price": "2.00",
                        "min_bunch_amount": 1.0,
                        "reference_format": "L",
                        "increment_bunch_amount": 1.0
                    }
                },
                {
                    "id": "28069",
                    "limit": 1000,
                    "badges": {
                        "is_water": false,
                        "requires_age_check": true
                    },
                    "packaging": "Ampolla",
                    "thumbnail": "https://prod-mercadona.imgix.net/20190521/69/28069/vlc1/28069_00_02.jpg?fit=crop&h=206&w=206",
                    "display_name": "Cervesa Amstel",
                    "bunch_selector": false,
                    "price_instructions": {
                        "iva": 21,
                        "is_new": false,
                        "is_pack": false,
                        "pack_size": null,
                        "unit_name": null,
                        "unit_size": 1.0,
                        "bulk_price": "1.20",
                        "unit_price": "1.20",
                        "approx_size": false,
                        "size_format": "l",
                        "total_units": null,
                        "unit_selector": true,
                        "bunch_selector": false,
                        "drained_weight": null,
                        "price_decreased": false,
                        "reference_price": "1.20",
                        "min_bunch_amount": 0.0,
                        "reference_format": "L",
                        "increment_bunch_amount": 0.0
                    }
                },
                {
                    "id": "28057",
                    "limit": 1000,
                    "badges": {
                        "is_water": false,
                        "requires_age_check": true
                    },
                    "packaging": "Paquet-6",
                    "thumbnail": "https://prod-mercadona.imgix.net/20190521/57/28057/vlc1/28057_00_01.jpg?fit=crop&h=206&w=206",
                    "display_name": "Cervesa doble malta Voll-Damm",
                    "bunch_selector": false,
                    "price_instructions": {
                        "iva": 21,
                        "is_new": false,
                        "is_pack": true,
                        "pack_size": 0.33,
                        "unit_name": "llaunes",
                        "unit_size": 1.98,
                        "bulk_price": "2.36",
                        "unit_price": "4.68",
                        "approx_size": false,
                        "size_format": "l",
                        "total_units": 6,
                        "unit_selector": true,
                        "bunch_selector": false,
                        "drained_weight": null,
                        "price_decreased": false,
                        "reference_price": "2.36",
                        "min_bunch_amount": 0.0,
                        "reference_format": "L",
                        "increment_bunch_amount": 0.0
                    }
                },
                {
                    "id": "66469",
                    "limit": 1000,
                    "badges": {
                        "is_water": false,
                        "requires_age_check": true
                    },
                    "packaging": "Paquet-6",
                    "thumbnail": "https://prod-mercadona.imgix.net/20190521/69/66469/vlc1/66469_00_01.jpg?fit=crop&h=206&w=206",
                    "display_name": "Cervesa Pils Krombacher",
                    "bunch_selector": false,
                    "price_instructions": {
                        "iva": 21,
                        "is_new": false,
                        "is_pack": true,
                        "pack_size": 0.33,
                        "unit_name": "llaunes",
                        "unit_size": 1.98,
                        "bulk_price": "1.12",
                        "unit_price": "2.22",
                        "approx_size": false,
                        "size_format": "l",
                        "total_units": 6,
                        "unit_selector": true,
                        "bunch_selector": false,
                        "drained_weight": null,
                        "price_decreased": false,
                        "reference_price": "1.12",
                        "min_bunch_amount": 1.0,
                        "reference_format": "L",
                        "increment_bunch_amount": 1.0
                    }
                },
                {
                    "id": "66432",
                    "limit": 1000,
                    "badges": {
                        "is_water": false,
                        "requires_age_check": true
                    },
                    "packaging": "Paquet-6",
                    "thumbnail": "https://prod-mercadona.imgix.net/20190521/32/66432/vlc1/66432_00_01.jpg?fit=crop&h=206&w=206",
                    "display_name": "Cervesa doble malta",
                    "bunch_selector": false,
                    "price_instructions": {
                        "iva": 21,
                        "is_new": false,
                        "is_pack": true,
                        "pack_size": 0.33,
                        "unit_name": "llaunes",
                        "unit_size": 1.98,
                        "bulk_price": "1.39",
                        "unit_price": "2.76",
                        "approx_size": false,
                        "size_format": "l",
                        "total_units": 6,
                        "unit_selector": true,
                        "bunch_selector": false,
                        "drained_weight": null,
                        "price_decreased": false,
                        "reference_price": "1.39",
                        "min_bunch_amount": 0.0,
                        "reference_format": "L",
                        "increment_bunch_amount": 0.0
                    }
                },
                {
                    "id": "66428",
                    "limit": 1000,
                    "badges": {
                        "is_water": false,
                        "requires_age_check": true
                    },
                    "packaging": "Paquet-6",
                    "thumbnail": "https://prod-mercadona.imgix.net/20190521/28/66428/vlc1/66428_00_01.jpg?fit=crop&h=206&w=206",
                    "display_name": "Cervesa sense gluten Puerto Dorado",
                    "bunch_selector": false,
                    "price_instructions": {
                        "iva": 21,
                        "is_new": false,
                        "is_pack": true,
                        "pack_size": 0.33,
                        "unit_name": "llaunes",
                        "unit_size": 1.98,
                        "bulk_price": "1.36",
                        "unit_price": "2.70",
                        "approx_size": false,
                        "size_format": "l",
                        "total_units": 6,
                        "unit_selector": true,
                        "bunch_selector": false,
                        "drained_weight": null,
                        "price_decreased": false,
                        "reference_price": "1.36",
                        "min_bunch_amount": 1.0,
                        "reference_format": "L",
                        "increment_bunch_amount": 1.0
                    }
                },
                {
                    "id": "66429",
                    "limit": 1000,
                    "badges": {
                        "is_water": false,
                        "requires_age_check": true
                    },
                    "packaging": "Llauna",
                    "thumbnail": "https://prod-mercadona.imgix.net/20190521/29/66429/vlc1/66429_00_02.jpg?fit=crop&h=206&w=206",
                    "display_name": "Cervesa sense gluten Puerto Dorado",
                    "bunch_selector": false,
                    "price_instructions": {
                        "iva": 21,
                        "is_new": false,
                        "is_pack": false,
                        "pack_size": null,
                        "unit_name": null,
                        "unit_size": 0.33,
                        "bulk_price": "1.36",
                        "unit_price": "0.45",
                        "approx_size": false,
                        "size_format": "l",
                        "total_units": null,
                        "unit_selector": true,
                        "bunch_selector": false,
                        "drained_weight": null,
                        "price_decreased": false,
                        "reference_price": "1.36",
                        "min_bunch_amount": 1.0,
                        "reference_format": "L",
                        "increment_bunch_amount": 1.0
                    }
                },
                {
                    "id": "66470",
                    "limit": 1000,
                    "badges": {
                        "is_water": false,
                        "requires_age_check": true
                    },
                    "packaging": "Llauna",
                    "thumbnail": "https://prod-mercadona.imgix.net/20190521/70/66470/vlc1/66470_00_02.jpg?fit=crop&h=206&w=206",
                    "display_name": "Cervesa Pils Krombacher",
                    "bunch_selector": false,
                    "price_instructions": {
                        "iva": 21,
                        "is_new": false,
                        "is_pack": false,
                        "pack_size": null,
                        "unit_name": null,
                        "unit_size": 0.33,
                        "bulk_price": "1.12",
                        "unit_price": "0.37",
                        "approx_size": false,
                        "size_format": "l",
                        "total_units": null,
                        "unit_selector": true,
                        "bunch_selector": false,
                        "drained_weight": null,
                        "price_decreased": false,
                        "reference_price": "1.12",
                        "min_bunch_amount": 1.0,
                        "reference_format": "L",
                        "increment_bunch_amount": 1.0
                    }
                },
                {
                    "id": "66433",
                    "limit": 1000,
                    "badges": {
                        "is_water": false,
                        "requires_age_check": true
                    },
                    "packaging": "Llauna",
                    "thumbnail": "https://prod-mercadona.imgix.net/20190521/33/66433/vlc1/66433_00_02.jpg?fit=crop&h=206&w=206",
                    "display_name": "Cervesa doble malta",
                    "bunch_selector": false,
                    "price_instructions": {
                        "iva": 21,
                        "is_new": false,
                        "is_pack": false,
                        "pack_size": null,
                        "unit_name": null,
                        "unit_size": 0.33,
                        "bulk_price": "1.39",
                        "unit_price": "0.46",
                        "approx_size": false,
                        "size_format": "l",
                        "total_units": null,
                        "unit_selector": true,
                        "bunch_selector": false,
                        "drained_weight": null,
                        "price_decreased": false,
                        "reference_price": "1.39",
                        "min_bunch_amount": 1.0,
                        "reference_format": "L",
                        "increment_bunch_amount": 1.0
                    }
                },
                {
                    "id": "67029",
                    "limit": 1000,
                    "badges": {
                        "is_water": false,
                        "requires_age_check": true
                    },
                    "packaging": "Ampolleta",
                    "thumbnail": "https://prod-mercadona.imgix.net/20190521/29/67029/vlc1/67029_00_02.jpg?fit=crop&h=206&w=206",
                    "display_name": "Cervesa Alegría sense gluten",
                    "bunch_selector": false,
                    "price_instructions": {
                        "iva": 21,
                        "is_new": false,
                        "is_pack": false,
                        "pack_size": null,
                        "unit_name": null,
                        "unit_size": 0.33,
                        "bulk_price": "5.15",
                        "unit_price": "1.70",
                        "approx_size": false,
                        "size_format": "l",
                        "total_units": null,
                        "unit_selector": true,
                        "bunch_selector": false,
                        "drained_weight": null,
                        "price_decreased": false,
                        "reference_price": "5.15",
                        "min_bunch_amount": 1.0,
                        "reference_format": "L",
                        "increment_bunch_amount": 1.0
                    }
                },
                {
                    "id": "66451",
                    "limit": 1000,
                    "badges": {
                        "is_water": false,
                        "requires_age_check": true
                    },
                    "packaging": "Ampolleta",
                    "thumbnail": "https://prod-mercadona.imgix.net/20190521/51/66451/vlc1/66451_00_02.jpg?fit=crop&h=206&w=206",
                    "display_name": "Cervesa doble malta",
                    "bunch_selector": false,
                    "price_instructions": {
                        "iva": 21,
                        "is_new": false,
                        "is_pack": false,
                        "pack_size": null,
                        "unit_name": null,
                        "unit_size": 0.33,
                        "bulk_price": "2.00",
                        "unit_price": "0.66",
                        "approx_size": false,
                        "size_format": "l",
                        "total_units": null,
                        "unit_selector": true,
                        "bunch_selector": false,
                        "drained_weight": null,
                        "price_decreased": false,
                        "reference_price": "2.00",
                        "min_bunch_amount": 1.0,
                        "reference_format": "L",
                        "increment_bunch_amount": 1.0
                    }
                },
                {
                    "id": "66445",
                    "limit": 1000,
                    "badges": {
                        "is_water": false,
                        "requires_age_check": true
                    },
                    "packaging": "Llauna",
                    "thumbnail": "https://prod-mercadona.imgix.net/20190521/45/66445/vlc1/66445_00_02.jpg?fit=crop&h=206&w=206",
                    "display_name": "Cervesa Amstel",
                    "bunch_selector": false,
                    "price_instructions": {
                        "iva": 21,
                        "is_new": false,
                        "is_pack": false,
                        "pack_size": null,
                        "unit_name": null,
                        "unit_size": 0.33,
                        "bulk_price": "1.70",
                        "unit_price": "0.56",
                        "approx_size": false,
                        "size_format": "l",
                        "total_units": null,
                        "unit_selector": true,
                        "bunch_selector": false,
                        "drained_weight": null,
                        "price_decreased": false,
                        "reference_price": "1.70",
                        "min_bunch_amount": 1.0,
                        "reference_format": "L",
                        "increment_bunch_amount": 1.0
                    }
                },
                {
                    "id": "67030",
                    "limit": 1000,
                    "badges": {
                        "is_water": false,
                        "requires_age_check": true
                    },
                    "packaging": "Paquet-6",
                    "thumbnail": "https://prod-mercadona.imgix.net/20190521/30/67030/vlc1/67030_00_01.jpg?fit=crop&h=206&w=206",
                    "display_name": "Cervesa torrada Turia",
                    "bunch_selector": false,
                    "price_instructions": {
                        "iva": 21,
                        "is_new": false,
                        "is_pack": true,
                        "pack_size": 0.25,
                        "unit_name": "ampolletes",
                        "unit_size": 1.5,
                        "bulk_price": "2.20",
                        "unit_price": "3.30",
                        "approx_size": false,
                        "size_format": "l",
                        "total_units": 6,
                        "unit_selector": true,
                        "bunch_selector": false,
                        "drained_weight": null,
                        "price_decreased": false,
                        "reference_price": "2.20",
                        "min_bunch_amount": 1.0,
                        "reference_format": "L",
                        "increment_bunch_amount": 1.0
                    }
                },
                {
                    "id": "67031",
                    "limit": 1000,
                    "badges": {
                        "is_water": false,
                        "requires_age_check": true
                    },
                    "packaging": "Ampolleta",
                    "thumbnail": "https://prod-mercadona.imgix.net/20190521/31/67031/vlc1/67031_00_02.jpg?fit=crop&h=206&w=206",
                    "display_name": "Cervesa torrada Turia",
                    "bunch_selector": false,
                    "price_instructions": {
                        "iva": 21,
                        "is_new": false,
                        "is_pack": false,
                        "pack_size": null,
                        "unit_name": null,
                        "unit_size": 0.25,
                        "bulk_price": "2.20",
                        "unit_price": "0.55",
                        "approx_size": false,
                        "size_format": "l",
                        "total_units": null,
                        "unit_selector": true,
                        "bunch_selector": false,
                        "drained_weight": null,
                        "price_decreased": false,
                        "reference_price": "2.20",
                        "min_bunch_amount": 1.0,
                        "reference_format": "L",
                        "increment_bunch_amount": 1.0
                    }
                },
                {
                    "id": "66553",
                    "limit": 1000,
                    "badges": {
                        "is_water": false,
                        "requires_age_check": true
                    },
                    "packaging": "Ampolleta",
                    "thumbnail": "https://prod-mercadona.imgix.net/20190521/53/66553/vlc1/66553_00_02.jpg?fit=crop&h=206&w=206",
                    "display_name": "Cervesa vermella sabor intens",
                    "bunch_selector": false,
                    "price_instructions": {
                        "iva": 21,
                        "is_new": false,
                        "is_pack": false,
                        "pack_size": null,
                        "unit_name": null,
                        "unit_size": 0.33,
                        "bulk_price": "3.33",
                        "unit_price": "1.10",
                        "approx_size": false,
                        "size_format": "l",
                        "total_units": null,
                        "unit_selector": true,
                        "bunch_selector": false,
                        "drained_weight": null,
                        "price_decreased": false,
                        "reference_price": "3.33",
                        "min_bunch_amount": 1.0,
                        "reference_format": "L",
                        "increment_bunch_amount": 1.0
                    }
                },
                {
                    "id": "66472",
                    "limit": 1000,
                    "badges": {
                        "is_water": false,
                        "requires_age_check": true
                    },
                    "packaging": "Ampolleta",
                    "thumbnail": "https://prod-mercadona.imgix.net/20190521/72/66472/vlc1/66472_00_02.jpg?fit=crop&h=206&w=206",
                    "display_name": "Cervesa Pils Krombacher",
                    "bunch_selector": false,
                    "price_instructions": {
                        "iva": 21,
                        "is_new": false,
                        "is_pack": false,
                        "pack_size": null,
                        "unit_name": null,
                        "unit_size": 0.33,
                        "bulk_price": "1.82",
                        "unit_price": "0.60",
                        "approx_size": false,
                        "size_format": "l",
                        "total_units": null,
                        "unit_selector": true,
                        "bunch_selector": false,
                        "drained_weight": null,
                        "price_decreased": false,
                        "reference_price": "1.82",
                        "min_bunch_amount": 1.0,
                        "reference_format": "L",
                        "increment_bunch_amount": 1.0
                    }
                },
                {
                    "id": "66486",
                    "limit": 1000,
                    "badges": {
                        "is_water": false,
                        "requires_age_check": true
                    },
                    "packaging": "Llauna",
                    "thumbnail": "https://prod-mercadona.imgix.net/20190521/86/66486/vlc1/66486_00_02.jpg?fit=crop&h=206&w=206",
                    "display_name": "Cervesa Suau Steinburg",
                    "bunch_selector": false,
                    "price_instructions": {
                        "iva": 21,
                        "is_new": false,
                        "is_pack": false,
                        "pack_size": null,
                        "unit_name": null,
                        "unit_size": 0.33,
                        "bulk_price": "0.67",
                        "unit_price": "0.22",
                        "approx_size": false,
                        "size_format": "l",
                        "total_units": null,
                        "unit_selector": true,
                        "bunch_selector": false,
                        "drained_weight": null,
                        "price_decreased": false,
                        "reference_price": "0.67",
                        "min_bunch_amount": 1.0,
                        "reference_format": "L",
                        "increment_bunch_amount": 1.0
                    }
                }
            ],
            "is_extended": false
        },
        {
            "id": 166,
            "name": "Cervesa sense alcohol",
            "layout": 1,
            "products": [
                {
                    "id": "66758",
                    "limit": 1000,
                    "badges": {
                        "is_water": false,
                        "requires_age_check": true
                    },
                    "packaging": "Ampolla",
                    "thumbnail": "https://prod-mercadona.imgix.net/20190521/58/66758/vlc1/66758_00_02.jpg?fit=crop&h=206&w=206",
                    "display_name": "Cervesa sense alcohol Steinburg",
                    "bunch_selector": false,
                    "price_instructions": {
                        "iva": 21,
                        "is_new": false,
                        "is_pack": false,
                        "pack_size": null,
                        "unit_name": null,
                        "unit_size": 1.0,
                        "bulk_price": "0.85",
                        "unit_price": "0.85",
                        "approx_size": false,
                        "size_format": "l",
                        "total_units": null,
                        "unit_selector": true,
                        "bunch_selector": false,
                        "drained_weight": null,
                        "price_decreased": false,
                        "reference_price": "0.85",
                        "min_bunch_amount": 1.0,
                        "reference_format": "L",
                        "increment_bunch_amount": 1.0
                    }
                },
                {
                    "id": "28056",
                    "limit": 1000,
                    "badges": {
                        "is_water": false,
                        "requires_age_check": true
                    },
                    "packaging": "Paquet-8",
                    "thumbnail": "https://prod-mercadona.imgix.net/20190521/56/28056/vlc1/28056_00_01.jpg?fit=crop&h=206&w=206",
                    "display_name": "Cervesa 0,0 % sense alcohol San Miguel",
                    "bunch_selector": false,
                    "price_instructions": {
                        "iva": 21,
                        "is_new": false,
                        "is_pack": true,
                        "pack_size": 0.33,
                        "unit_name": "llaunes",
                        "unit_size": 2.64,
                        "bulk_price": "1.61",
                        "unit_price": "4.24",
                        "approx_size": false,
                        "size_format": "l",
                        "total_units": 8,
                        "unit_selector": true,
                        "bunch_selector": false,
                        "drained_weight": null,
                        "price_decreased": false,
                        "reference_price": "1.61",
                        "min_bunch_amount": 1.0,
                        "reference_format": "L",
                        "increment_bunch_amount": 1.0
                    }
                },
                {
                    "id": "27187",
                    "limit": 1000,
                    "badges": {
                        "is_water": false,
                        "requires_age_check": true
                    },
                    "packaging": "Paquet-6",
                    "thumbnail": "https://prod-mercadona.imgix.net/20190521/87/27187/vlc1/27187_00_01.jpg?fit=crop&h=206&w=206",
                    "display_name": "Cervesa 0,0 % sense alcohol San Miguel",
                    "bunch_selector": false,
                    "price_instructions": {
                        "iva": 21,
                        "is_new": false,
                        "is_pack": true,
                        "pack_size": 0.25,
                        "unit_name": "ampolletes",
                        "unit_size": 1.5,
                        "bulk_price": "1.65",
                        "unit_price": "2.48",
                        "approx_size": false,
                        "size_format": "l",
                        "total_units": 6,
                        "unit_selector": true,
                        "bunch_selector": false,
                        "drained_weight": null,
                        "price_decreased": false,
                        "reference_price": "1.65",
                        "min_bunch_amount": 1.0,
                        "reference_format": "L",
                        "increment_bunch_amount": 1.0
                    }
                },
                {
                    "id": "66570",
                    "limit": 1000,
                    "badges": {
                        "is_water": false,
                        "requires_age_check": true
                    },
                    "packaging": "Ampolleta",
                    "thumbnail": "https://prod-mercadona.imgix.net/20190521/70/66570/vlc1/66570_00_02.jpg?fit=crop&h=206&w=206",
                    "display_name": "Cervesa de blat 0,0 % sense alcohol Holland Bavaria",
                    "bunch_selector": false,
                    "price_instructions": {
                        "iva": 21,
                        "is_new": false,
                        "is_pack": false,
                        "pack_size": null,
                        "unit_name": null,
                        "unit_size": 0.33,
                        "bulk_price": "2.88",
                        "unit_price": "0.95",
                        "approx_size": false,
                        "size_format": "l",
                        "total_units": null,
                        "unit_selector": true,
                        "bunch_selector": false,
                        "drained_weight": null,
                        "price_decreased": false,
                        "reference_price": "2.88",
                        "min_bunch_amount": 1.0,
                        "reference_format": "L",
                        "increment_bunch_amount": 1.0
                    }
                },
                {
                    "id": "66394",
                    "limit": 1000,
                    "badges": {
                        "is_water": false,
                        "requires_age_check": true
                    },
                    "packaging": "Paquet-6",
                    "thumbnail": "https://prod-mercadona.imgix.net/20190521/94/66394/vlc1/66394_00_01.jpg?fit=crop&h=206&w=206",
                    "display_name": "Cervesa 0,0 % sense alcohol Falke",
                    "bunch_selector": false,
                    "price_instructions": {
                        "iva": 21,
                        "is_new": false,
                        "is_pack": true,
                        "pack_size": 0.25,
                        "unit_name": "ampolletes",
                        "unit_size": 1.5,
                        "bulk_price": "1.07",
                        "unit_price": "1.60",
                        "approx_size": false,
                        "size_format": "l",
                        "total_units": 6,
                        "unit_selector": true,
                        "bunch_selector": false,
                        "drained_weight": null,
                        "price_decreased": false,
                        "reference_price": "1.07",
                        "min_bunch_amount": 1.0,
                        "reference_format": "L",
                        "increment_bunch_amount": 1.0
                    }
                },
                {
                    "id": "66392",
                    "limit": 1000,
                    "badges": {
                        "is_water": false,
                        "requires_age_check": true
                    },
                    "packaging": "Paquet-12",
                    "thumbnail": "https://prod-mercadona.imgix.net/20190521/92/66392/vlc1/66392_00_01.jpg?fit=crop&h=206&w=206",
                    "display_name": "Cervesa 0,0 % sense alcohol Falke",
                    "bunch_selector": false,
                    "price_instructions": {
                        "iva": 21,
                        "is_new": false,
                        "is_pack": true,
                        "pack_size": 0.33,
                        "unit_name": "llaunes",
                        "unit_size": 3.96,
                        "bulk_price": "1.00",
                        "unit_price": "3.96",
                        "approx_size": false,
                        "size_format": "l",
                        "total_units": 12,
                        "unit_selector": true,
                        "bunch_selector": false,
                        "drained_weight": null,
                        "price_decreased": false,
                        "reference_price": "1.00",
                        "min_bunch_amount": 1.0,
                        "reference_format": "L",
                        "increment_bunch_amount": 1.0
                    }
                },
                {
                    "id": "66757",
                    "limit": 1000,
                    "badges": {
                        "is_water": false,
                        "requires_age_check": true
                    },
                    "packaging": "Paquet-6",
                    "thumbnail": "https://prod-mercadona.imgix.net/20190521/57/66757/vlc1/66757_00_01.jpg?fit=crop&h=206&w=206",
                    "display_name": "Cervesa sense alcohol Steinburg",
                    "bunch_selector": false,
                    "price_instructions": {
                        "iva": 21,
                        "is_new": false,
                        "is_pack": true,
                        "pack_size": 0.25,
                        "unit_name": "ampolletes",
                        "unit_size": 1.5,
                        "bulk_price": "1.07",
                        "unit_price": "1.60",
                        "approx_size": false,
                        "size_format": "l",
                        "total_units": 6,
                        "unit_selector": true,
                        "bunch_selector": false,
                        "drained_weight": null,
                        "price_decreased": false,
                        "reference_price": "1.07",
                        "min_bunch_amount": 1.0,
                        "reference_format": "L",
                        "increment_bunch_amount": 1.0
                    }
                },
                {
                    "id": "66750",
                    "limit": 1000,
                    "badges": {
                        "is_water": false,
                        "requires_age_check": true
                    },
                    "packaging": "Paquet-12",
                    "thumbnail": "https://prod-mercadona.imgix.net/20190521/50/66750/vlc1/66750_00_01.jpg?fit=crop&h=206&w=206",
                    "display_name": "Cervesa sense alcohol Steinburg",
                    "bunch_selector": false,
                    "price_instructions": {
                        "iva": 21,
                        "is_new": false,
                        "is_pack": true,
                        "pack_size": 0.33,
                        "unit_name": "llaunes",
                        "unit_size": 3.96,
                        "bulk_price": "0.85",
                        "unit_price": "3.36",
                        "approx_size": false,
                        "size_format": "l",
                        "total_units": 12,
                        "unit_selector": true,
                        "bunch_selector": false,
                        "drained_weight": null,
                        "price_decreased": false,
                        "reference_price": "0.85",
                        "min_bunch_amount": 1.0,
                        "reference_format": "L",
                        "increment_bunch_amount": 1.0
                    }
                },
                {
                    "id": "66751",
                    "limit": 1000,
                    "badges": {
                        "is_water": false,
                        "requires_age_check": true
                    },
                    "packaging": "Llauna",
                    "thumbnail": "https://prod-mercadona.imgix.net/20190521/51/66751/vlc1/66751_00_02.jpg?fit=crop&h=206&w=206",
                    "display_name": "Cervesa sense alcohol Steinburg",
                    "bunch_selector": false,
                    "price_instructions": {
                        "iva": 21,
                        "is_new": false,
                        "is_pack": false,
                        "pack_size": null,
                        "unit_name": null,
                        "unit_size": 0.33,
                        "bulk_price": "0.85",
                        "unit_price": "0.28",
                        "approx_size": false,
                        "size_format": "l",
                        "total_units": null,
                        "unit_selector": true,
                        "bunch_selector": false,
                        "drained_weight": null,
                        "price_decreased": false,
                        "reference_price": "0.85",
                        "min_bunch_amount": 1.0,
                        "reference_format": "L",
                        "increment_bunch_amount": 1.0
                    }
                },
                {
                    "id": "27154",
                    "limit": 1000,
                    "badges": {
                        "is_water": false,
                        "requires_age_check": true
                    },
                    "packaging": "Llauna",
                    "thumbnail": "https://prod-mercadona.imgix.net/20190521/54/27154/vlc1/27154_00_02.jpg?fit=crop&h=206&w=206",
                    "display_name": "Cervesa 0,0 % sense alcohol San Miguel",
                    "bunch_selector": false,
                    "price_instructions": {
                        "iva": 21,
                        "is_new": false,
                        "is_pack": false,
                        "pack_size": null,
                        "unit_name": null,
                        "unit_size": 0.33,
                        "bulk_price": "1.67",
                        "unit_price": "0.55",
                        "approx_size": false,
                        "size_format": "l",
                        "total_units": null,
                        "unit_selector": true,
                        "bunch_selector": false,
                        "drained_weight": null,
                        "price_decreased": false,
                        "reference_price": "1.67",
                        "min_bunch_amount": 1.0,
                        "reference_format": "L",
                        "increment_bunch_amount": 1.0
                    }
                },
                {
                    "id": "66393",
                    "limit": 1000,
                    "badges": {
                        "is_water": false,
                        "requires_age_check": true
                    },
                    "packaging": "Llauna",
                    "thumbnail": "https://prod-mercadona.imgix.net/20190521/93/66393/vlc1/66393_00_02.jpg?fit=crop&h=206&w=206",
                    "display_name": "Cervesa 0,0 % sense alcohol Falke",
                    "bunch_selector": false,
                    "price_instructions": {
                        "iva": 21,
                        "is_new": false,
                        "is_pack": false,
                        "pack_size": null,
                        "unit_name": null,
                        "unit_size": 0.33,
                        "bulk_price": "1.00",
                        "unit_price": "0.33",
                        "approx_size": false,
                        "size_format": "l",
                        "total_units": null,
                        "unit_selector": true,
                        "bunch_selector": false,
                        "drained_weight": null,
                        "price_decreased": false,
                        "reference_price": "1.00",
                        "min_bunch_amount": 1.0,
                        "reference_format": "L",
                        "increment_bunch_amount": 1.0
                    }
                },
                {
                    "id": "66426",
                    "limit": 1000,
                    "badges": {
                        "is_water": false,
                        "requires_age_check": true
                    },
                    "packaging": "Paquet-6",
                    "thumbnail": "https://prod-mercadona.imgix.net/20190521/26/66426/vlc1/66426_00_01.jpg?fit=crop&h=206&w=206",
                    "display_name": "Cervesa sense gluten Steinburg 0,0 % sense alcohol",
                    "bunch_selector": false,
                    "price_instructions": {
                        "iva": 21,
                        "is_new": false,
                        "is_pack": true,
                        "pack_size": 0.25,
                        "unit_name": "ampolletes",
                        "unit_size": 1.5,
                        "bulk_price": "1.43",
                        "unit_price": "2.15",
                        "approx_size": false,
                        "size_format": "l",
                        "total_units": 6,
                        "unit_selector": true,
                        "bunch_selector": false,
                        "drained_weight": null,
                        "price_decreased": false,
                        "reference_price": "1.43",
                        "min_bunch_amount": 0.0,
                        "reference_format": "L",
                        "increment_bunch_amount": 0.0
                    }
                },
                {
                    "id": "66424",
                    "limit": 1000,
                    "badges": {
                        "is_water": false,
                        "requires_age_check": true
                    },
                    "packaging": "Paquet-6",
                    "thumbnail": "https://prod-mercadona.imgix.net/20190521/24/66424/vlc1/66424_00_01.jpg?fit=crop&h=206&w=206",
                    "display_name": "Cervesa sense gluten Steinburg 0,0 % sense alcohol",
                    "bunch_selector": false,
                    "price_instructions": {
                        "iva": 21,
                        "is_new": false,
                        "is_pack": true,
                        "pack_size": 0.33,
                        "unit_name": "llaunes",
                        "unit_size": 1.98,
                        "bulk_price": "1.06",
                        "unit_price": "2.10",
                        "approx_size": false,
                        "size_format": "l",
                        "total_units": 6,
                        "unit_selector": true,
                        "bunch_selector": false,
                        "drained_weight": null,
                        "price_decreased": false,
                        "reference_price": "1.06",
                        "min_bunch_amount": 1.0,
                        "reference_format": "L",
                        "increment_bunch_amount": 1.0
                    }
                },
                {
                    "id": "66425",
                    "limit": 1000,
                    "badges": {
                        "is_water": false,
                        "requires_age_check": true
                    },
                    "packaging": "Llauna",
                    "thumbnail": "https://prod-mercadona.imgix.net/20190521/25/66425/vlc1/66425_00_02.jpg?fit=crop&h=206&w=206",
                    "display_name": "Cervesa sense gluten Steinburg 0,0 % sense alcohol",
                    "bunch_selector": false,
                    "price_instructions": {
                        "iva": 21,
                        "is_new": false,
                        "is_pack": false,
                        "pack_size": null,
                        "unit_name": null,
                        "unit_size": 0.33,
                        "bulk_price": "1.06",
                        "unit_price": "0.35",
                        "approx_size": false,
                        "size_format": "l",
                        "total_units": null,
                        "unit_selector": true,
                        "bunch_selector": false,
                        "drained_weight": null,
                        "price_decreased": false,
                        "reference_price": "1.06",
                        "min_bunch_amount": 1.0,
                        "reference_format": "L",
                        "increment_bunch_amount": 1.0
                    }
                }
            ],
            "is_extended": false
        },
        {
            "id": 181,
            "name": "Licors",
            "layout": 1,
            "products": [
                {
                    "id": "28623",
                    "limit": 1000,
                    "badges": {
                        "is_water": false,
                        "requires_age_check": true
                    },
                    "packaging": "Ampolla",
                    "thumbnail": "https://prod-mercadona.imgix.net/20190521/23/28623/vlc1/28623_00_02.jpg?fit=crop&h=206&w=206",
                    "display_name": "Whisky bourbon Jim Beam",
                    "bunch_selector": false,
                    "price_instructions": {
                        "iva": 21,
                        "is_new": false,
                        "is_pack": false,
                        "pack_size": null,
                        "unit_name": null,
                        "unit_size": 0.7,
                        "bulk_price": "17.79",
                        "unit_price": "12.45",
                        "approx_size": false,
                        "size_format": "l",
                        "total_units": null,
                        "unit_selector": true,
                        "bunch_selector": false,
                        "drained_weight": null,
                        "price_decreased": false,
                        "reference_price": "17.79",
                        "min_bunch_amount": 0.0,
                        "reference_format": "L",
                        "increment_bunch_amount": 0.0
                    }
                },
                {
                    "id": "28615",
                    "limit": 1000,
                    "badges": {
                        "is_water": false,
                        "requires_age_check": true
                    },
                    "packaging": "Ampolla",
                    "thumbnail": "https://prod-mercadona.imgix.net/20190521/15/28615/vlc1/28615_00_01.jpg?fit=crop&h=206&w=206",
                    "display_name": "Whisky escocès Cardhu 12 anys",
                    "bunch_selector": false,
                    "price_instructions": {
                        "iva": 21,
                        "is_new": false,
                        "is_pack": false,
                        "pack_size": null,
                        "unit_name": null,
                        "unit_size": 0.7,
                        "bulk_price": "37.13",
                        "unit_price": "25.99",
                        "approx_size": false,
                        "size_format": "l",
                        "total_units": null,
                        "unit_selector": true,
                        "bunch_selector": false,
                        "drained_weight": null,
                        "price_decreased": false,
                        "reference_price": "37.13",
                        "min_bunch_amount": 0.0,
                        "reference_format": "L",
                        "increment_bunch_amount": 0.0
                    }
                },
                {
                    "id": "28612",
                    "limit": 1000,
                    "badges": {
                        "is_water": false,
                        "requires_age_check": true
                    },
                    "packaging": "Ampolla",
                    "thumbnail": "https://prod-mercadona.imgix.net/20190521/12/28612/vlc1/28612_00_01.jpg?fit=crop&h=206&w=206",
                    "display_name": "Whisky escocès Chivas Regal 12 anys",
                    "bunch_selector": false,
                    "price_instructions": {
                        "iva": 21,
                        "is_new": false,
                        "is_pack": false,
                        "pack_size": null,
                        "unit_name": null,
                        "unit_size": 0.7,
                        "bulk_price": "36.36",
                        "unit_price": "25.45",
                        "approx_size": false,
                        "size_format": "l",
                        "total_units": null,
                        "unit_selector": true,
                        "bunch_selector": false,
                        "drained_weight": null,
                        "price_decreased": false,
                        "reference_price": "36.36",
                        "min_bunch_amount": 0.0,
                        "reference_format": "L",
                        "increment_bunch_amount": 0.0
                    }
                },
                {
                    "id": "28607",
                    "limit": 1000,
                    "badges": {
                        "is_water": false,
                        "requires_age_check": true
                    },
                    "packaging": "Ampolla",
                    "thumbnail": "https://prod-mercadona.imgix.net/20190521/07/28607/vlc1/28607_00_02.jpg?fit=crop&h=206&w=206",
                    "display_name": "Whisky nacional DYC 8 anys",
                    "bunch_selector": false,
                    "price_instructions": {
                        "iva": 21,
                        "is_new": false,
                        "is_pack": false,
                        "pack_size": null,
                        "unit_name": null,
                        "unit_size": 0.7,
                        "bulk_price": "16.21",
                        "unit_price": "11.35",
                        "approx_size": false,
                        "size_format": "l",
                        "total_units": null,
                        "unit_selector": true,
                        "bunch_selector": false,
                        "drained_weight": null,
                        "price_decreased": false,
                        "reference_price": "16.21",
                        "min_bunch_amount": 0.0,
                        "reference_format": "L",
                        "increment_bunch_amount": 0.0
                    }
                },
                {
                    "id": "28619",
                    "limit": 1000,
                    "badges": {
                        "is_water": false,
                        "requires_age_check": true
                    },
                    "packaging": "Ampolla",
                    "thumbnail": "https://prod-mercadona.imgix.net/20190521/19/28619/vlc1/28619_00_02.jpg?fit=crop&h=206&w=206",
                    "display_name": "Whisky nacional DYC 10 anys",
                    "bunch_selector": false,
                    "price_instructions": {
                        "iva": 21,
                        "is_new": false,
                        "is_pack": false,
                        "pack_size": null,
                        "unit_name": null,
                        "unit_size": 0.7,
                        "bulk_price": "21.36",
                        "unit_price": "14.95",
                        "approx_size": false,
                        "size_format": "l",
                        "total_units": null,
                        "unit_selector": true,
                        "bunch_selector": false,
                        "drained_weight": null,
                        "price_decreased": false,
                        "reference_price": "21.36",
                        "min_bunch_amount": 0.0,
                        "reference_format": "L",
                        "increment_bunch_amount": 0.0
                    }
                },
                {
                    "id": "28032",
                    "limit": 1000,
                    "badges": {
                        "is_water": false,
                        "requires_age_check": true
                    },
                    "packaging": "Ampolla",
                    "thumbnail": "https://prod-mercadona.imgix.net/20190521/32/28032/vlc1/28032_00_02.jpg?fit=crop&h=206&w=206",
                    "display_name": "Ginebra extra dry gin Seagram's",
                    "bunch_selector": false,
                    "price_instructions": {
                        "iva": 21,
                        "is_new": false,
                        "is_pack": false,
                        "pack_size": null,
                        "unit_name": null,
                        "unit_size": 0.7,
                        "bulk_price": "22.93",
                        "unit_price": "16.05",
                        "approx_size": false,
                        "size_format": "l",
                        "total_units": null,
                        "unit_selector": true,
                        "bunch_selector": false,
                        "drained_weight": null,
                        "price_decreased": false,
                        "reference_price": "22.93",
                        "min_bunch_amount": 0.0,
                        "reference_format": "L",
                        "increment_bunch_amount": 0.0
                    }
                },
                {
                    "id": "28144",
                    "limit": 1000,
                    "badges": {
                        "is_water": false,
                        "requires_age_check": true
                    },
                    "packaging": "Ampolla",
                    "thumbnail": "https://prod-mercadona.imgix.net/20190521/44/28144/vlc1/28144_00_02.jpg?fit=crop&h=206&w=206",
                    "display_name": "Licor sense alcohol mora Vitafrut",
                    "bunch_selector": false,
                    "price_instructions": {
                        "iva": 10,
                        "is_new": false,
                        "is_pack": false,
                        "pack_size": null,
                        "unit_name": null,
                        "unit_size": 0.7,
                        "bulk_price": "2.43",
                        "unit_price": "1.70",
                        "approx_size": false,
                        "size_format": "l",
                        "total_units": null,
                        "unit_selector": true,
                        "bunch_selector": false,
                        "drained_weight": null,
                        "price_decreased": false,
                        "reference_price": "2.43",
                        "min_bunch_amount": 1.0,
                        "reference_format": "L",
                        "increment_bunch_amount": 1.0
                    }
                },
                {
                    "id": "28757",
                    "limit": 1000,
                    "badges": {
                        "is_water": false,
                        "requires_age_check": true
                    },
                    "packaging": "Ampolla",
                    "thumbnail": "https://prod-mercadona.imgix.net/20190521/57/28757/vlc1/28757_00_02.jpg?fit=crop&h=206&w=206",
                    "display_name": "Rom dominicà anyenc Ron Barceló",
                    "bunch_selector": false,
                    "price_instructions": {
                        "iva": 21,
                        "is_new": false,
                        "is_pack": false,
                        "pack_size": null,
                        "unit_name": null,
                        "unit_size": 0.7,
                        "bulk_price": "19.99",
                        "unit_price": "13.99",
                        "approx_size": false,
                        "size_format": "l",
                        "total_units": null,
                        "unit_selector": true,
                        "bunch_selector": false,
                        "drained_weight": null,
                        "price_decreased": false,
                        "reference_price": "19.99",
                        "min_bunch_amount": 1.0,
                        "reference_format": "L",
                        "increment_bunch_amount": 1.0
                    }
                },
                {
                    "id": "28778",
                    "limit": 1000,
                    "badges": {
                        "is_water": false,
                        "requires_age_check": true
                    },
                    "packaging": "Ampolla",
                    "thumbnail": "https://prod-mercadona.imgix.net/20190521/78/28778/vlc1/28778_00_02.jpg?fit=crop&h=206&w=206",
                    "display_name": "Rom dominicà anyenc superior Brugal",
                    "bunch_selector": false,
                    "price_instructions": {
                        "iva": 21,
                        "is_new": false,
                        "is_pack": false,
                        "pack_size": null,
                        "unit_name": null,
                        "unit_size": 1.0,
                        "bulk_price": "16.99",
                        "unit_price": "16.99",
                        "approx_size": false,
                        "size_format": "l",
                        "total_units": null,
                        "unit_selector": true,
                        "bunch_selector": false,
                        "drained_weight": null,
                        "price_decreased": false,
                        "reference_price": "16.99",
                        "min_bunch_amount": 1.0,
                        "reference_format": "L",
                        "increment_bunch_amount": 1.0
                    }
                },
                {
                    "id": "28745",
                    "limit": 1000,
                    "badges": {
                        "is_water": false,
                        "requires_age_check": true
                    },
                    "packaging": "Ampolla",
                    "thumbnail": "https://prod-mercadona.imgix.net/20190521/45/28745/vlc1/28745_00_02.jpg?fit=crop&h=206&w=206",
                    "display_name": "Rom dominicà anyenc superior Brugal",
                    "bunch_selector": false,
                    "price_instructions": {
                        "iva": 21,
                        "is_new": false,
                        "is_pack": false,
                        "pack_size": null,
                        "unit_name": null,
                        "unit_size": 0.7,
                        "bulk_price": "19.50",
                        "unit_price": "13.65",
                        "approx_size": false,
                        "size_format": "l",
                        "total_units": null,
                        "unit_selector": true,
                        "bunch_selector": false,
                        "drained_weight": null,
                        "price_decreased": false,
                        "reference_price": "19.50",
                        "min_bunch_amount": 1.0,
                        "reference_format": "L",
                        "increment_bunch_amount": 1.0
                    }
                },
                {
                    "id": "28820",
                    "limit": 1000,
                    "badges": {
                        "is_water": false,
                        "requires_age_check": true
                    },
                    "packaging": "Ampolla",
                    "thumbnail": "https://prod-mercadona.imgix.net/20190521/20/28820/vlc1/28820_00_02.jpg?fit=crop&h=206&w=206",
                    "display_name": "Beguda espirituosa de rom gust maduixa Perla de las Islas",
                    "bunch_selector": false,
                    "price_instructions": {
                        "iva": 21,
                        "is_new": false,
                        "is_pack": false,
                        "pack_size": null,
                        "unit_name": null,
                        "unit_size": 0.7,
                        "bulk_price": "9.93",
                        "unit_price": "6.95",
                        "approx_size": false,
                        "size_format": "l",
                        "total_units": null,
                        "unit_selector": true,
                        "bunch_selector": false,
                        "drained_weight": null,
                        "price_decreased": false,
                        "reference_price": "9.93",
                        "min_bunch_amount": 1.0,
                        "reference_format": "L",
                        "increment_bunch_amount": 1.0
                    }
                },
                {
                    "id": "28829",
                    "limit": 1000,
                    "badges": {
                        "is_water": false,
                        "requires_age_check": true
                    },
                    "packaging": "Ampolla",
                    "thumbnail": "https://prod-mercadona.imgix.net/20190521/29/28829/vlc1/28829_00_00.jpg?fit=crop&h=206&w=206",
                    "display_name": "Rom vell Almirante",
                    "bunch_selector": false,
                    "price_instructions": {
                        "iva": 21,
                        "is_new": false,
                        "is_pack": false,
                        "pack_size": null,
                        "unit_name": null,
                        "unit_size": 0.7,
                        "bulk_price": "10.56",
                        "unit_price": "7.39",
                        "approx_size": false,
                        "size_format": "l",
                        "total_units": null,
                        "unit_selector": true,
                        "bunch_selector": false,
                        "drained_weight": null,
                        "price_decreased": false,
                        "reference_price": "10.56",
                        "min_bunch_amount": 0.0,
                        "reference_format": "L",
                        "increment_bunch_amount": 0.0
                    }
                },
                {
                    "id": "28373",
                    "limit": 1000,
                    "badges": {
                        "is_water": false,
                        "requires_age_check": true
                    },
                    "packaging": "Ampolla",
                    "thumbnail": "https://prod-mercadona.imgix.net/20190521/73/28373/vlc1/28373_00_02.jpg?fit=crop&h=206&w=206",
                    "display_name": "Rom caribeny gust coco Malibu",
                    "bunch_selector": false,
                    "price_instructions": {
                        "iva": 21,
                        "is_new": false,
                        "is_pack": false,
                        "pack_size": null,
                        "unit_name": null,
                        "unit_size": 0.7,
                        "bulk_price": "14.29",
                        "unit_price": "10.00",
                        "approx_size": false,
                        "size_format": "l",
                        "total_units": null,
                        "unit_selector": true,
                        "bunch_selector": false,
                        "drained_weight": null,
                        "price_decreased": false,
                        "reference_price": "14.29",
                        "min_bunch_amount": 1.0,
                        "reference_format": "L",
                        "increment_bunch_amount": 1.0
                    }
                },
                {
                    "id": "28431",
                    "limit": 1000,
                    "badges": {
                        "is_water": false,
                        "requires_age_check": true
                    },
                    "packaging": "Ampolla",
                    "thumbnail": "https://prod-mercadona.imgix.net/20190521/31/28431/vlc1/28431_00_02.jpg?fit=crop&h=206&w=206",
                    "display_name": "Vermut negre Corillo",
                    "bunch_selector": false,
                    "price_instructions": {
                        "iva": 21,
                        "is_new": false,
                        "is_pack": false,
                        "pack_size": null,
                        "unit_name": null,
                        "unit_size": 1.0,
                        "bulk_price": "2.09",
                        "unit_price": "2.09",
                        "approx_size": false,
                        "size_format": "l",
                        "total_units": null,
                        "unit_selector": true,
                        "bunch_selector": false,
                        "drained_weight": null,
                        "price_decreased": false,
                        "reference_price": "2.09",
                        "min_bunch_amount": 0.0,
                        "reference_format": "L",
                        "increment_bunch_amount": 0.0
                    }
                },
                {
                    "id": "28440",
                    "limit": 1000,
                    "badges": {
                        "is_water": false,
                        "requires_age_check": true
                    },
                    "packaging": "Ampolla",
                    "thumbnail": "https://prod-mercadona.imgix.net/20190521/40/28440/vlc1/28440_00_02.jpg?fit=crop&h=206&w=206",
                    "display_name": "Vermut blanc Pratti",
                    "bunch_selector": false,
                    "price_instructions": {
                        "iva": 21,
                        "is_new": false,
                        "is_pack": false,
                        "pack_size": null,
                        "unit_name": null,
                        "unit_size": 1.0,
                        "bulk_price": "2.09",
                        "unit_price": "2.09",
                        "approx_size": false,
                        "size_format": "l",
                        "total_units": null,
                        "unit_selector": true,
                        "bunch_selector": false,
                        "drained_weight": null,
                        "price_decreased": false,
                        "reference_price": "2.09",
                        "min_bunch_amount": 1.0,
                        "reference_format": "L",
                        "increment_bunch_amount": 1.0
                    }
                },
                {
                    "id": "28712",
                    "limit": 1000,
                    "badges": {
                        "is_water": false,
                        "requires_age_check": true
                    },
                    "packaging": "Ampolla",
                    "thumbnail": "https://prod-mercadona.imgix.net/20190521/12/28712/vlc1/28712_00_02.jpg?fit=crop&h=206&w=206",
                    "display_name": "Ginebra London dry gin Beefeater",
                    "bunch_selector": false,
                    "price_instructions": {
                        "iva": 21,
                        "is_new": false,
                        "is_pack": false,
                        "pack_size": null,
                        "unit_name": null,
                        "unit_size": 0.7,
                        "bulk_price": "19.21",
                        "unit_price": "13.45",
                        "approx_size": false,
                        "size_format": "l",
                        "total_units": null,
                        "unit_selector": true,
                        "bunch_selector": false,
                        "drained_weight": null,
                        "price_decreased": false,
                        "reference_price": "19.21",
                        "min_bunch_amount": 0.0,
                        "reference_format": "L",
                        "increment_bunch_amount": 0.0
                    }
                },
                {
                    "id": "28425",
                    "limit": 1000,
                    "badges": {
                        "is_water": false,
                        "requires_age_check": true
                    },
                    "packaging": "Ampolla",
                    "thumbnail": "https://prod-mercadona.imgix.net/20190521/25/28425/vlc1/28425_00_02.jpg?fit=crop&h=206&w=206",
                    "display_name": "Vermut negre Pratti reserva",
                    "bunch_selector": false,
                    "price_instructions": {
                        "iva": 21,
                        "is_new": false,
                        "is_pack": false,
                        "pack_size": null,
                        "unit_name": null,
                        "unit_size": 1.0,
                        "bulk_price": "3.19",
                        "unit_price": "3.19",
                        "approx_size": false,
                        "size_format": "l",
                        "total_units": null,
                        "unit_selector": true,
                        "bunch_selector": false,
                        "drained_weight": null,
                        "price_decreased": false,
                        "reference_price": "3.19",
                        "min_bunch_amount": 0.0,
                        "reference_format": "L",
                        "increment_bunch_amount": 0.0
                    }
                },
                {
                    "id": "28401",
                    "limit": 1000,
                    "badges": {
                        "is_water": false,
                        "requires_age_check": true
                    },
                    "packaging": "Ampolla",
                    "thumbnail": "https://prod-mercadona.imgix.net/20190521/01/28401/vlc1/28401_00_02.jpg?fit=crop&h=206&w=206",
                    "display_name": "Vermut negre Martini",
                    "bunch_selector": false,
                    "price_instructions": {
                        "iva": 21,
                        "is_new": false,
                        "is_pack": false,
                        "pack_size": null,
                        "unit_name": null,
                        "unit_size": 1.0,
                        "bulk_price": "8.69",
                        "unit_price": "8.69",
                        "approx_size": false,
                        "size_format": "l",
                        "total_units": null,
                        "unit_selector": true,
                        "bunch_selector": false,
                        "drained_weight": null,
                        "price_decreased": false,
                        "reference_price": "8.69",
                        "min_bunch_amount": 1.0,
                        "reference_format": "L",
                        "increment_bunch_amount": 1.0
                    }
                },
                {
                    "id": "28775",
                    "limit": 1000,
                    "badges": {
                        "is_water": false,
                        "requires_age_check": true
                    },
                    "packaging": "Ampolla",
                    "thumbnail": "https://prod-mercadona.imgix.net/20190521/75/28775/vlc1/28775_00_02.jpg?fit=crop&h=206&w=206",
                    "display_name": "Ginebra London dry gin Tanqueray",
                    "bunch_selector": false,
                    "price_instructions": {
                        "iva": 21,
                        "is_new": false,
                        "is_pack": false,
                        "pack_size": null,
                        "unit_name": null,
                        "unit_size": 0.7,
                        "bulk_price": "20.99",
                        "unit_price": "14.69",
                        "approx_size": false,
                        "size_format": "l",
                        "total_units": null,
                        "unit_selector": true,
                        "bunch_selector": false,
                        "drained_weight": null,
                        "price_decreased": false,
                        "reference_price": "20.99",
                        "min_bunch_amount": 0.0,
                        "reference_format": "L",
                        "increment_bunch_amount": 0.0
                    }
                },
                {
                    "id": "28744",
                    "limit": 1000,
                    "badges": {
                        "is_water": false,
                        "requires_age_check": true
                    },
                    "packaging": "Ampolla",
                    "thumbnail": "https://prod-mercadona.imgix.net/20190521/44/28744/vlc1/28744_00_02.jpg?fit=crop&h=206&w=206",
                    "display_name": "Ginebra London dry gin Bombay Sapphire",
                    "bunch_selector": false,
                    "price_instructions": {
                        "iva": 21,
                        "is_new": false,
                        "is_pack": false,
                        "pack_size": null,
                        "unit_name": null,
                        "unit_size": 0.7,
                        "bulk_price": "27.07",
                        "unit_price": "18.95",
                        "approx_size": false,
                        "size_format": "l",
                        "total_units": null,
                        "unit_selector": true,
                        "bunch_selector": false,
                        "drained_weight": null,
                        "price_decreased": false,
                        "reference_price": "27.07",
                        "min_bunch_amount": 1.0,
                        "reference_format": "L",
                        "increment_bunch_amount": 1.0
                    }
                },
                {
                    "id": "28740",
                    "limit": 1000,
                    "badges": {
                        "is_water": false,
                        "requires_age_check": true
                    },
                    "packaging": "Ampolla",
                    "thumbnail": "https://prod-mercadona.imgix.net/20190521/40/28740/vlc1/28740_02_02.jpg?fit=crop&h=206&w=206",
                    "display_name": "Ginebra dry gin Sheriton",
                    "bunch_selector": false,
                    "price_instructions": {
                        "iva": 21,
                        "is_new": false,
                        "is_pack": false,
                        "pack_size": null,
                        "unit_name": null,
                        "unit_size": 0.7,
                        "bulk_price": "5.99",
                        "unit_price": "4.19",
                        "approx_size": false,
                        "size_format": "l",
                        "total_units": null,
                        "unit_selector": true,
                        "bunch_selector": false,
                        "drained_weight": null,
                        "price_decreased": false,
                        "reference_price": "5.99",
                        "min_bunch_amount": 0.0,
                        "reference_format": "L",
                        "increment_bunch_amount": 0.0
                    }
                },
                {
                    "id": "28393",
                    "limit": 1000,
                    "badges": {
                        "is_water": false,
                        "requires_age_check": true
                    },
                    "packaging": "Ampolla",
                    "thumbnail": "https://prod-mercadona.imgix.net/20190521/93/28393/vlc1/28393_00_02.jpg?fit=crop&h=206&w=206",
                    "display_name": "Licor d'avellana Tilford",
                    "bunch_selector": false,
                    "price_instructions": {
                        "iva": 21,
                        "is_new": false,
                        "is_pack": false,
                        "pack_size": null,
                        "unit_name": null,
                        "unit_size": 0.7,
                        "bulk_price": "5.64",
                        "unit_price": "3.95",
                        "approx_size": false,
                        "size_format": "l",
                        "total_units": null,
                        "unit_selector": true,
                        "bunch_selector": false,
                        "drained_weight": null,
                        "price_decreased": false,
                        "reference_price": "5.64",
                        "min_bunch_amount": 0.0,
                        "reference_format": "L",
                        "increment_bunch_amount": 0.0
                    }
                },
                {
                    "id": "28432",
                    "limit": 1000,
                    "badges": {
                        "is_water": false,
                        "requires_age_check": true
                    },
                    "packaging": "Ampolla",
                    "thumbnail": "https://prod-mercadona.imgix.net/20190521/32/28432/vlc1/28432_00_02.jpg?fit=crop&h=206&w=206",
                    "display_name": "Licor dolç Amaretto Del Patriarca",
                    "bunch_selector": false,
                    "price_instructions": {
                        "iva": 21,
                        "is_new": false,
                        "is_pack": false,
                        "pack_size": null,
                        "unit_name": null,
                        "unit_size": 0.7,
                        "bulk_price": "6.79",
                        "unit_price": "4.75",
                        "approx_size": false,
                        "size_format": "l",
                        "total_units": null,
                        "unit_selector": true,
                        "bunch_selector": false,
                        "drained_weight": null,
                        "price_decreased": false,
                        "reference_price": "6.79",
                        "min_bunch_amount": 1.0,
                        "reference_format": "L",
                        "increment_bunch_amount": 1.0
                    }
                },
                {
                    "id": "28240",
                    "limit": 1000,
                    "badges": {
                        "is_water": false,
                        "requires_age_check": true
                    },
                    "packaging": "Ampolla",
                    "thumbnail": "https://prod-mercadona.imgix.net/20190521/40/28240/vlc1/28240_00_00.jpg?fit=crop&h=206&w=206",
                    "display_name": "Ponx Caballero",
                    "bunch_selector": false,
                    "price_instructions": {
                        "iva": 21,
                        "is_new": false,
                        "is_pack": false,
                        "pack_size": null,
                        "unit_name": null,
                        "unit_size": 0.7,
                        "bulk_price": "14.84",
                        "unit_price": "10.39",
                        "approx_size": false,
                        "size_format": "l",
                        "total_units": null,
                        "unit_selector": true,
                        "bunch_selector": false,
                        "drained_weight": null,
                        "price_decreased": false,
                        "reference_price": "14.84",
                        "min_bunch_amount": 0.0,
                        "reference_format": "L",
                        "increment_bunch_amount": 0.0
                    }
                },
                {
                    "id": "28439",
                    "limit": 1000,
                    "badges": {
                        "is_water": false,
                        "requires_age_check": true
                    },
                    "packaging": "Ampolla",
                    "thumbnail": "https://prod-mercadona.imgix.net/20190521/39/28439/vlc1/28439_00_02.jpg?fit=crop&h=206&w=206",
                    "display_name": "Licor de piruleta Pi.omka",
                    "bunch_selector": false,
                    "price_instructions": {
                        "iva": 21,
                        "is_new": false,
                        "is_pack": false,
                        "pack_size": null,
                        "unit_name": null,
                        "unit_size": 0.7,
                        "bulk_price": "7.07",
                        "unit_price": "4.95",
                        "approx_size": false,
                        "size_format": "l",
                        "total_units": null,
                        "unit_selector": true,
                        "bunch_selector": false,
                        "drained_weight": null,
                        "price_decreased": false,
                        "reference_price": "7.07",
                        "min_bunch_amount": 1.0,
                        "reference_format": "L",
                        "increment_bunch_amount": 1.0
                    }
                },
                {
                    "id": "28385",
                    "limit": 1000,
                    "badges": {
                        "is_water": false,
                        "requires_age_check": true
                    },
                    "packaging": "Ampolla",
                    "thumbnail": "https://prod-mercadona.imgix.net/20190521/85/28385/vlc1/28385_00_02.jpg?fit=crop&h=206&w=206",
                    "display_name": "Patxaran Gure",
                    "bunch_selector": false,
                    "price_instructions": {
                        "iva": 21,
                        "is_new": false,
                        "is_pack": false,
                        "pack_size": null,
                        "unit_name": null,
                        "unit_size": 1.0,
                        "bulk_price": "7.25",
                        "unit_price": "7.25",
                        "approx_size": false,
                        "size_format": "l",
                        "total_units": null,
                        "unit_selector": true,
                        "bunch_selector": false,
                        "drained_weight": null,
                        "price_decreased": false,
                        "reference_price": "7.25",
                        "min_bunch_amount": 0.0,
                        "reference_format": "L",
                        "increment_bunch_amount": 0.0
                    }
                },
                {
                    "id": "28602",
                    "limit": 1000,
                    "badges": {
                        "is_water": false,
                        "requires_age_check": true
                    },
                    "packaging": "Ampolla",
                    "thumbnail": "https://prod-mercadona.imgix.net/20190521/02/28602/vlc1/28602_00_02.jpg?fit=crop&h=206&w=206",
                    "display_name": "Whisky escocès William Lawson's",
                    "bunch_selector": false,
                    "price_instructions": {
                        "iva": 21,
                        "is_new": false,
                        "is_pack": false,
                        "pack_size": null,
                        "unit_name": null,
                        "unit_size": 0.7,
                        "bulk_price": "9.99",
                        "unit_price": "6.99",
                        "approx_size": false,
                        "size_format": "l",
                        "total_units": null,
                        "unit_selector": true,
                        "bunch_selector": false,
                        "drained_weight": null,
                        "price_decreased": false,
                        "reference_price": "9.99",
                        "min_bunch_amount": 0.0,
                        "reference_format": "L",
                        "increment_bunch_amount": 0.0
                    }
                },
                {
                    "id": "28640",
                    "limit": 1000,
                    "badges": {
                        "is_water": false,
                        "requires_age_check": true
                    },
                    "packaging": "Ampolla",
                    "thumbnail": "https://prod-mercadona.imgix.net/20190521/40/28640/vlc1/28640_00_02.jpg?fit=crop&h=206&w=206",
                    "display_name": "Whisky escocès Cutty Sark",
                    "bunch_selector": false,
                    "price_instructions": {
                        "iva": 21,
                        "is_new": false,
                        "is_pack": false,
                        "pack_size": null,
                        "unit_name": null,
                        "unit_size": 1.0,
                        "bulk_price": "13.95",
                        "unit_price": "13.95",
                        "approx_size": false,
                        "size_format": "l",
                        "total_units": null,
                        "unit_selector": true,
                        "bunch_selector": false,
                        "drained_weight": null,
                        "price_decreased": false,
                        "reference_price": "13.95",
                        "min_bunch_amount": 1.0,
                        "reference_format": "L",
                        "increment_bunch_amount": 1.0
                    }
                },
                {
                    "id": "28631",
                    "limit": 1000,
                    "badges": {
                        "is_water": false,
                        "requires_age_check": true
                    },
                    "packaging": "Ampolla",
                    "thumbnail": "https://prod-mercadona.imgix.net/20190521/31/28631/vlc1/28631_00_02.jpg?fit=crop&h=206&w=206",
                    "display_name": "Whisky escocès Cutty Sark",
                    "bunch_selector": false,
                    "price_instructions": {
                        "iva": 21,
                        "is_new": false,
                        "is_pack": false,
                        "pack_size": null,
                        "unit_name": null,
                        "unit_size": 0.7,
                        "bulk_price": "16.21",
                        "unit_price": "11.35",
                        "approx_size": false,
                        "size_format": "l",
                        "total_units": null,
                        "unit_selector": true,
                        "bunch_selector": false,
                        "drained_weight": null,
                        "price_decreased": false,
                        "reference_price": "16.21",
                        "min_bunch_amount": 0.0,
                        "reference_format": "L",
                        "increment_bunch_amount": 0.0
                    }
                },
                {
                    "id": "28650",
                    "limit": 1000,
                    "badges": {
                        "is_water": false,
                        "requires_age_check": true
                    },
                    "packaging": "Ampolla",
                    "thumbnail": "https://prod-mercadona.imgix.net/20190521/50/28650/vlc1/28650_00_02.jpg?fit=crop&h=206&w=206",
                    "display_name": "Whisky escocès James Webb",
                    "bunch_selector": false,
                    "price_instructions": {
                        "iva": 21,
                        "is_new": false,
                        "is_pack": false,
                        "pack_size": null,
                        "unit_name": null,
                        "unit_size": 0.7,
                        "bulk_price": "8.50",
                        "unit_price": "5.95",
                        "approx_size": false,
                        "size_format": "l",
                        "total_units": null,
                        "unit_selector": true,
                        "bunch_selector": false,
                        "drained_weight": null,
                        "price_decreased": false,
                        "reference_price": "8.50",
                        "min_bunch_amount": 0.0,
                        "reference_format": "L",
                        "increment_bunch_amount": 0.0
                    }
                },
                {
                    "id": "28610",
                    "limit": 1000,
                    "badges": {
                        "is_water": false,
                        "requires_age_check": true
                    },
                    "packaging": "Ampolla",
                    "thumbnail": "https://prod-mercadona.imgix.net/20190521/10/28610/vlc1/28610_00_02.jpg?fit=crop&h=206&w=206",
                    "display_name": "Whisky escocès Red Label Johnnie Walker",
                    "bunch_selector": false,
                    "price_instructions": {
                        "iva": 21,
                        "is_new": false,
                        "is_pack": false,
                        "pack_size": null,
                        "unit_name": null,
                        "unit_size": 0.7,
                        "bulk_price": "18.93",
                        "unit_price": "13.25",
                        "approx_size": false,
                        "size_format": "l",
                        "total_units": null,
                        "unit_selector": true,
                        "bunch_selector": false,
                        "drained_weight": null,
                        "price_decreased": false,
                        "reference_price": "18.93",
                        "min_bunch_amount": 1.0,
                        "reference_format": "L",
                        "increment_bunch_amount": 1.0
                    }
                },
                {
                    "id": "28667",
                    "limit": 1000,
                    "badges": {
                        "is_water": false,
                        "requires_age_check": true
                    },
                    "packaging": "Ampolla",
                    "thumbnail": "https://prod-mercadona.imgix.net/20190521/67/28667/vlc1/28667_00_02.jpg?fit=crop&h=206&w=206",
                    "display_name": "Whisky escocès J&B",
                    "bunch_selector": false,
                    "price_instructions": {
                        "iva": 21,
                        "is_new": false,
                        "is_pack": false,
                        "pack_size": null,
                        "unit_name": null,
                        "unit_size": 1.0,
                        "bulk_price": "14.25",
                        "unit_price": "14.25",
                        "approx_size": false,
                        "size_format": "l",
                        "total_units": null,
                        "unit_selector": true,
                        "bunch_selector": false,
                        "drained_weight": null,
                        "price_decreased": false,
                        "reference_price": "14.25",
                        "min_bunch_amount": 1.0,
                        "reference_format": "L",
                        "increment_bunch_amount": 1.0
                    }
                },
                {
                    "id": "28613",
                    "limit": 1000,
                    "badges": {
                        "is_water": false,
                        "requires_age_check": true
                    },
                    "packaging": "Ampolla",
                    "thumbnail": "https://prod-mercadona.imgix.net/20190521/13/28613/vlc1/28613_00_02.jpg?fit=crop&h=206&w=206",
                    "display_name": "Whisky escocès J&B",
                    "bunch_selector": false,
                    "price_instructions": {
                        "iva": 21,
                        "is_new": false,
                        "is_pack": false,
                        "pack_size": null,
                        "unit_name": null,
                        "unit_size": 0.7,
                        "bulk_price": "17.13",
                        "unit_price": "11.99",
                        "approx_size": false,
                        "size_format": "l",
                        "total_units": null,
                        "unit_selector": true,
                        "bunch_selector": false,
                        "drained_weight": null,
                        "price_decreased": false,
                        "reference_price": "17.13",
                        "min_bunch_amount": 1.0,
                        "reference_format": "L",
                        "increment_bunch_amount": 1.0
                    }
                },
                {
                    "id": "28787",
                    "limit": 1000,
                    "badges": {
                        "is_water": false,
                        "requires_age_check": true
                    },
                    "packaging": "Ampolla",
                    "thumbnail": "https://prod-mercadona.imgix.net/20190521/87/28787/vlc1/28787_00_02.jpg?fit=crop&h=206&w=206",
                    "display_name": "Rom carta blanca superior Bacardí",
                    "bunch_selector": false,
                    "price_instructions": {
                        "iva": 21,
                        "is_new": false,
                        "is_pack": false,
                        "pack_size": null,
                        "unit_name": null,
                        "unit_size": 0.7,
                        "bulk_price": "15.70",
                        "unit_price": "10.99",
                        "approx_size": false,
                        "size_format": "l",
                        "total_units": null,
                        "unit_selector": true,
                        "bunch_selector": false,
                        "drained_weight": null,
                        "price_decreased": false,
                        "reference_price": "15.70",
                        "min_bunch_amount": 0.0,
                        "reference_format": "L",
                        "increment_bunch_amount": 0.0
                    }
                },
                {
                    "id": "28395",
                    "limit": 1000,
                    "badges": {
                        "is_water": false,
                        "requires_age_check": true
                    },
                    "packaging": "Ampolla",
                    "thumbnail": "https://prod-mercadona.imgix.net/20190521/95/28395/vlc1/28395_00_02.jpg?fit=crop&h=206&w=206",
                    "display_name": "Mojito Almirante",
                    "bunch_selector": false,
                    "price_instructions": {
                        "iva": 21,
                        "is_new": false,
                        "is_pack": false,
                        "pack_size": null,
                        "unit_name": null,
                        "unit_size": 0.7,
                        "bulk_price": "7.36",
                        "unit_price": "5.15",
                        "approx_size": false,
                        "size_format": "l",
                        "total_units": null,
                        "unit_selector": true,
                        "bunch_selector": false,
                        "drained_weight": null,
                        "price_decreased": false,
                        "reference_price": "7.36",
                        "min_bunch_amount": 0.0,
                        "reference_format": "L",
                        "increment_bunch_amount": 0.0
                    }
                },
                {
                    "id": "28447",
                    "limit": 1000,
                    "badges": {
                        "is_water": false,
                        "requires_age_check": true
                    },
                    "packaging": "Ampolla",
                    "thumbnail": "https://prod-mercadona.imgix.net/20190521/47/28447/vlc1/28447_00_00.jpg?fit=crop&h=206&w=206",
                    "display_name": "Elixir a base de rom Almirante",
                    "bunch_selector": false,
                    "price_instructions": {
                        "iva": 21,
                        "is_new": false,
                        "is_pack": false,
                        "pack_size": null,
                        "unit_name": null,
                        "unit_size": 0.7,
                        "bulk_price": "9.93",
                        "unit_price": "6.95",
                        "approx_size": false,
                        "size_format": "l",
                        "total_units": null,
                        "unit_selector": true,
                        "bunch_selector": false,
                        "drained_weight": null,
                        "price_decreased": false,
                        "reference_price": "9.93",
                        "min_bunch_amount": 1.0,
                        "reference_format": "L",
                        "increment_bunch_amount": 1.0
                    }
                },
                {
                    "id": "28443",
                    "limit": 1000,
                    "badges": {
                        "is_water": false,
                        "requires_age_check": true
                    },
                    "packaging": "Ampolla",
                    "thumbnail": "https://prod-mercadona.imgix.net/20190521/43/28443/vlc1/28443_00_02.jpg?fit=crop&h=206&w=206",
                    "display_name": "Pinya colada Pi.omka",
                    "bunch_selector": false,
                    "price_instructions": {
                        "iva": 21,
                        "is_new": false,
                        "is_pack": false,
                        "pack_size": null,
                        "unit_name": null,
                        "unit_size": 0.7,
                        "bulk_price": "7.36",
                        "unit_price": "5.15",
                        "approx_size": false,
                        "size_format": "l",
                        "total_units": null,
                        "unit_selector": true,
                        "bunch_selector": false,
                        "drained_weight": null,
                        "price_decreased": false,
                        "reference_price": "7.36",
                        "min_bunch_amount": 0.0,
                        "reference_format": "L",
                        "increment_bunch_amount": 0.0
                    }
                },
                {
                    "id": "28838",
                    "limit": 1000,
                    "badges": {
                        "is_water": false,
                        "requires_age_check": true
                    },
                    "packaging": "Ampolla",
                    "thumbnail": "https://prod-mercadona.imgix.net/20190521/38/28838/vlc1/28838_00_00.jpg?fit=crop&h=206&w=206",
                    "display_name": "Licor de rom caramel Perla de las Islas",
                    "bunch_selector": false,
                    "price_instructions": {
                        "iva": 21,
                        "is_new": false,
                        "is_pack": false,
                        "pack_size": null,
                        "unit_name": null,
                        "unit_size": 0.7,
                        "bulk_price": "9.93",
                        "unit_price": "6.95",
                        "approx_size": false,
                        "size_format": "l",
                        "total_units": null,
                        "unit_selector": true,
                        "bunch_selector": false,
                        "drained_weight": null,
                        "price_decreased": false,
                        "reference_price": "9.93",
                        "min_bunch_amount": 1.0,
                        "reference_format": "L",
                        "increment_bunch_amount": 1.0
                    }
                },
                {
                    "id": "28715",
                    "limit": 1000,
                    "badges": {
                        "is_water": false,
                        "requires_age_check": true
                    },
                    "packaging": "Ampolla",
                    "thumbnail": "https://prod-mercadona.imgix.net/20190521/15/28715/vlc1/28715_00_02.jpg?fit=crop&h=206&w=206",
                    "display_name": "Ginebra London dry gin Larios",
                    "bunch_selector": false,
                    "price_instructions": {
                        "iva": 21,
                        "is_new": false,
                        "is_pack": false,
                        "pack_size": null,
                        "unit_name": null,
                        "unit_size": 1.0,
                        "bulk_price": "11.35",
                        "unit_price": "11.35",
                        "approx_size": false,
                        "size_format": "l",
                        "total_units": null,
                        "unit_selector": true,
                        "bunch_selector": false,
                        "drained_weight": null,
                        "price_decreased": false,
                        "reference_price": "11.35",
                        "min_bunch_amount": 0.0,
                        "reference_format": "L",
                        "increment_bunch_amount": 0.0
                    }
                },
                {
                    "id": "28841",
                    "limit": 1000,
                    "badges": {
                        "is_water": false,
                        "requires_age_check": true
                    },
                    "packaging": "Ampolla",
                    "thumbnail": "https://prod-mercadona.imgix.net/20190521/41/28841/vlc1/28841_00_02.jpg?fit=crop&h=206&w=206",
                    "display_name": "Ginebra strawberry gin Sheriton",
                    "bunch_selector": false,
                    "price_instructions": {
                        "iva": 21,
                        "is_new": false,
                        "is_pack": false,
                        "pack_size": null,
                        "unit_name": null,
                        "unit_size": 0.7,
                        "bulk_price": "10.71",
                        "unit_price": "7.50",
                        "approx_size": false,
                        "size_format": "l",
                        "total_units": null,
                        "unit_selector": true,
                        "bunch_selector": false,
                        "drained_weight": null,
                        "price_decreased": false,
                        "reference_price": "10.71",
                        "min_bunch_amount": 1.0,
                        "reference_format": "L",
                        "increment_bunch_amount": 1.0
                    }
                },
                {
                    "id": "28714",
                    "limit": 1000,
                    "badges": {
                        "is_water": false,
                        "requires_age_check": true
                    },
                    "packaging": "Ampolla",
                    "thumbnail": "https://prod-mercadona.imgix.net/20190521/14/28714/vlc1/28714_00_02.jpg?fit=crop&h=206&w=206",
                    "display_name": "Ginebra London dry gin Gordon's",
                    "bunch_selector": false,
                    "price_instructions": {
                        "iva": 21,
                        "is_new": false,
                        "is_pack": false,
                        "pack_size": null,
                        "unit_name": null,
                        "unit_size": 0.7,
                        "bulk_price": "11.93",
                        "unit_price": "8.35",
                        "approx_size": false,
                        "size_format": "l",
                        "total_units": null,
                        "unit_selector": true,
                        "bunch_selector": false,
                        "drained_weight": null,
                        "price_decreased": false,
                        "reference_price": "11.93",
                        "min_bunch_amount": 0.0,
                        "reference_format": "L",
                        "increment_bunch_amount": 0.0
                    }
                },
                {
                    "id": "28839",
                    "limit": 1000,
                    "badges": {
                        "is_water": false,
                        "requires_age_check": true
                    },
                    "packaging": "Ampolla",
                    "thumbnail": "https://prod-mercadona.imgix.net/20190521/39/28839/vlc1/28839_00_02.jpg?fit=crop&h=206&w=206",
                    "display_name": "Ginebra London dry gin Gibros",
                    "bunch_selector": false,
                    "price_instructions": {
                        "iva": 21,
                        "is_new": false,
                        "is_pack": false,
                        "pack_size": null,
                        "unit_name": null,
                        "unit_size": 0.7,
                        "bulk_price": "9.93",
                        "unit_price": "6.95",
                        "approx_size": false,
                        "size_format": "l",
                        "total_units": null,
                        "unit_selector": true,
                        "bunch_selector": false,
                        "drained_weight": null,
                        "price_decreased": false,
                        "reference_price": "9.93",
                        "min_bunch_amount": 0.0,
                        "reference_format": "L",
                        "increment_bunch_amount": 0.0
                    }
                },
                {
                    "id": "28402",
                    "limit": 1000,
                    "badges": {
                        "is_water": false,
                        "requires_age_check": true
                    },
                    "packaging": "Ampolla",
                    "thumbnail": "https://prod-mercadona.imgix.net/20190521/02/28402/vlc1/28402_00_02.jpg?fit=crop&h=206&w=206",
                    "display_name": "Vermut extrasec Martini",
                    "bunch_selector": false,
                    "price_instructions": {
                        "iva": 21,
                        "is_new": false,
                        "is_pack": false,
                        "pack_size": null,
                        "unit_name": null,
                        "unit_size": 1.0,
                        "bulk_price": "8.30",
                        "unit_price": "8.30",
                        "approx_size": false,
                        "size_format": "l",
                        "total_units": null,
                        "unit_selector": true,
                        "bunch_selector": false,
                        "drained_weight": null,
                        "price_decreased": false,
                        "reference_price": "8.30",
                        "min_bunch_amount": 1.0,
                        "reference_format": "L",
                        "increment_bunch_amount": 1.0
                    }
                },
                {
                    "id": "28356",
                    "limit": 1000,
                    "badges": {
                        "is_water": false,
                        "requires_age_check": true
                    },
                    "packaging": "Ampolla",
                    "thumbnail": "https://prod-mercadona.imgix.net/20190521/56/28356/vlc1/28356_00_02.jpg?fit=crop&h=206&w=206",
                    "display_name": "Aperitiu Aperol",
                    "bunch_selector": false,
                    "price_instructions": {
                        "iva": 21,
                        "is_new": false,
                        "is_pack": false,
                        "pack_size": null,
                        "unit_name": null,
                        "unit_size": 0.7,
                        "bulk_price": "16.03",
                        "unit_price": "11.22",
                        "approx_size": false,
                        "size_format": "l",
                        "total_units": null,
                        "unit_selector": true,
                        "bunch_selector": false,
                        "drained_weight": null,
                        "price_decreased": false,
                        "reference_price": "16.03",
                        "min_bunch_amount": 0.0,
                        "reference_format": "L",
                        "increment_bunch_amount": 0.0
                    }
                },
                {
                    "id": "28384",
                    "limit": 1000,
                    "badges": {
                        "is_water": false,
                        "requires_age_check": true
                    },
                    "packaging": "Ampolla",
                    "thumbnail": "https://prod-mercadona.imgix.net/20190521/84/28384/vlc1/28384_00_02.jpg?fit=crop&h=206&w=206",
                    "display_name": "Licor crema d'arròs Nubbin",
                    "bunch_selector": false,
                    "price_instructions": {
                        "iva": 21,
                        "is_new": false,
                        "is_pack": false,
                        "pack_size": null,
                        "unit_name": null,
                        "unit_size": 0.7,
                        "bulk_price": "8.57",
                        "unit_price": "6.00",
                        "approx_size": false,
                        "size_format": "l",
                        "total_units": null,
                        "unit_selector": true,
                        "bunch_selector": false,
                        "drained_weight": null,
                        "price_decreased": false,
                        "reference_price": "8.57",
                        "min_bunch_amount": 0.0,
                        "reference_format": "L",
                        "increment_bunch_amount": 0.0
                    }
                },
                {
                    "id": "28358",
                    "limit": 1000,
                    "badges": {
                        "is_water": false,
                        "requires_age_check": true
                    },
                    "packaging": "Ampolla",
                    "thumbnail": "https://prod-mercadona.imgix.net/20190521/58/28358/vlc1/28358_00_00.jpg?fit=crop&h=206&w=206",
                    "display_name": "Licor crema de whisky Baileys",
                    "bunch_selector": false,
                    "price_instructions": {
                        "iva": 21,
                        "is_new": false,
                        "is_pack": false,
                        "pack_size": null,
                        "unit_name": null,
                        "unit_size": 0.7,
                        "bulk_price": "17.29",
                        "unit_price": "12.10",
                        "approx_size": false,
                        "size_format": "l",
                        "total_units": null,
                        "unit_selector": true,
                        "bunch_selector": false,
                        "drained_weight": null,
                        "price_decreased": false,
                        "reference_price": "17.29",
                        "min_bunch_amount": 1.0,
                        "reference_format": "L",
                        "increment_bunch_amount": 1.0
                    }
                },
                {
                    "id": "28416",
                    "limit": 1000,
                    "badges": {
                        "is_water": false,
                        "requires_age_check": true
                    },
                    "packaging": "Ampolla",
                    "thumbnail": "https://prod-mercadona.imgix.net/20190521/16/28416/vlc1/28416_00_02.jpg?fit=crop&h=206&w=206",
                    "display_name": "Licor Pêche Yachting",
                    "bunch_selector": false,
                    "price_instructions": {
                        "iva": 21,
                        "is_new": false,
                        "is_pack": false,
                        "pack_size": null,
                        "unit_name": null,
                        "unit_size": 0.7,
                        "bulk_price": "8.17",
                        "unit_price": "5.72",
                        "approx_size": false,
                        "size_format": "l",
                        "total_units": null,
                        "unit_selector": true,
                        "bunch_selector": false,
                        "drained_weight": null,
                        "price_decreased": false,
                        "reference_price": "8.17",
                        "min_bunch_amount": 0.0,
                        "reference_format": "L",
                        "increment_bunch_amount": 0.0
                    }
                },
                {
                    "id": "28390",
                    "limit": 1000,
                    "badges": {
                        "is_water": false,
                        "requires_age_check": true
                    },
                    "packaging": "Ampolla",
                    "thumbnail": "https://prod-mercadona.imgix.net/20190521/90/28390/vlc1/28390_00_02.jpg?fit=crop&h=206&w=206",
                    "display_name": "Licor de limoncello Franzini",
                    "bunch_selector": false,
                    "price_instructions": {
                        "iva": 21,
                        "is_new": false,
                        "is_pack": false,
                        "pack_size": null,
                        "unit_name": null,
                        "unit_size": 0.7,
                        "bulk_price": "8.36",
                        "unit_price": "5.85",
                        "approx_size": false,
                        "size_format": "l",
                        "total_units": null,
                        "unit_selector": true,
                        "bunch_selector": false,
                        "drained_weight": null,
                        "price_decreased": false,
                        "reference_price": "8.36",
                        "min_bunch_amount": 0.0,
                        "reference_format": "L",
                        "increment_bunch_amount": 0.0
                    }
                },
                {
                    "id": "28304",
                    "limit": 1000,
                    "badges": {
                        "is_water": false,
                        "requires_age_check": true
                    },
                    "packaging": "Ampolla",
                    "thumbnail": "https://prod-mercadona.imgix.net/20190521/04/28304/vlc1/28304_00_02.jpg?fit=crop&h=206&w=206",
                    "display_name": "Aiguardent d'orujo Regio",
                    "bunch_selector": false,
                    "price_instructions": {
                        "iva": 21,
                        "is_new": false,
                        "is_pack": false,
                        "pack_size": null,
                        "unit_name": null,
                        "unit_size": 0.7,
                        "bulk_price": "9.00",
                        "unit_price": "6.30",
                        "approx_size": false,
                        "size_format": "l",
                        "total_units": null,
                        "unit_selector": true,
                        "bunch_selector": false,
                        "drained_weight": null,
                        "price_decreased": false,
                        "reference_price": "9.00",
                        "min_bunch_amount": 0.0,
                        "reference_format": "L",
                        "increment_bunch_amount": 0.0
                    }
                },
                {
                    "id": "28363",
                    "limit": 1000,
                    "badges": {
                        "is_water": false,
                        "requires_age_check": true
                    },
                    "packaging": "Ampolla",
                    "thumbnail": "https://prod-mercadona.imgix.net/20190521/63/28363/vlc1/28363_00_02.jpg?fit=crop&h=206&w=206",
                    "display_name": "Patxaran Zoco",
                    "bunch_selector": false,
                    "price_instructions": {
                        "iva": 21,
                        "is_new": false,
                        "is_pack": false,
                        "pack_size": null,
                        "unit_name": null,
                        "unit_size": 1.0,
                        "bulk_price": "9.99",
                        "unit_price": "9.99",
                        "approx_size": false,
                        "size_format": "l",
                        "total_units": null,
                        "unit_selector": true,
                        "bunch_selector": false,
                        "drained_weight": null,
                        "price_decreased": false,
                        "reference_price": "9.99",
                        "min_bunch_amount": 0.0,
                        "reference_format": "L",
                        "increment_bunch_amount": 0.0
                    }
                },
                {
                    "id": "28368",
                    "limit": 1000,
                    "badges": {
                        "is_water": false,
                        "requires_age_check": true
                    },
                    "packaging": "Ampolla",
                    "thumbnail": "https://prod-mercadona.imgix.net/20190521/68/28368/vlc1/28368_00_02.jpg?fit=crop&h=206&w=206",
                    "display_name": "Licor Cointreau",
                    "bunch_selector": false,
                    "price_instructions": {
                        "iva": 21,
                        "is_new": false,
                        "is_pack": false,
                        "pack_size": null,
                        "unit_name": null,
                        "unit_size": 0.5,
                        "bulk_price": "21.18",
                        "unit_price": "10.59",
                        "approx_size": false,
                        "size_format": "l",
                        "total_units": null,
                        "unit_selector": true,
                        "bunch_selector": false,
                        "drained_weight": null,
                        "price_decreased": false,
                        "reference_price": "21.18",
                        "min_bunch_amount": 1.0,
                        "reference_format": "L",
                        "increment_bunch_amount": 1.0
                    }
                },
                {
                    "id": "28444",
                    "limit": 1000,
                    "badges": {
                        "is_water": false,
                        "requires_age_check": true
                    },
                    "packaging": "Ampolla",
                    "thumbnail": "https://prod-mercadona.imgix.net/20190521/44/28444/vlc1/28444_00_02.jpg?fit=crop&h=206&w=206",
                    "display_name": "Licor de poma Milord",
                    "bunch_selector": false,
                    "price_instructions": {
                        "iva": 21,
                        "is_new": false,
                        "is_pack": false,
                        "pack_size": null,
                        "unit_name": null,
                        "unit_size": 0.7,
                        "bulk_price": "3.79",
                        "unit_price": "2.65",
                        "approx_size": false,
                        "size_format": "l",
                        "total_units": null,
                        "unit_selector": true,
                        "bunch_selector": false,
                        "drained_weight": null,
                        "price_decreased": false,
                        "reference_price": "3.79",
                        "min_bunch_amount": 0.0,
                        "reference_format": "L",
                        "increment_bunch_amount": 0.0
                    }
                },
                {
                    "id": "28230",
                    "limit": 1000,
                    "badges": {
                        "is_water": false,
                        "requires_age_check": true
                    },
                    "packaging": "Ampolla",
                    "thumbnail": "https://prod-mercadona.imgix.net/20190521/30/28230/vlc1/28230_00_00.jpg?fit=crop&h=206&w=206",
                    "display_name": "Ponx Convidado de Baco",
                    "bunch_selector": false,
                    "price_instructions": {
                        "iva": 21,
                        "is_new": false,
                        "is_pack": false,
                        "pack_size": null,
                        "unit_name": null,
                        "unit_size": 1.0,
                        "bulk_price": "5.99",
                        "unit_price": "5.99",
                        "approx_size": false,
                        "size_format": "l",
                        "total_units": null,
                        "unit_selector": true,
                        "bunch_selector": false,
                        "drained_weight": null,
                        "price_decreased": false,
                        "reference_price": "5.99",
                        "min_bunch_amount": 0.0,
                        "reference_format": "L",
                        "increment_bunch_amount": 0.0
                    }
                },
                {
                    "id": "28343",
                    "limit": 1000,
                    "badges": {
                        "is_water": false,
                        "requires_age_check": true
                    },
                    "packaging": "Ampolla",
                    "thumbnail": "https://prod-mercadona.imgix.net/20190521/43/28343/vlc1/28343_00_02.jpg?fit=crop&h=206&w=206",
                    "display_name": "Licor de cafè Santa Compaña",
                    "bunch_selector": false,
                    "price_instructions": {
                        "iva": 21,
                        "is_new": false,
                        "is_pack": false,
                        "pack_size": null,
                        "unit_name": null,
                        "unit_size": 0.7,
                        "bulk_price": "7.79",
                        "unit_price": "5.45",
                        "approx_size": false,
                        "size_format": "l",
                        "total_units": null,
                        "unit_selector": true,
                        "bunch_selector": false,
                        "drained_weight": null,
                        "price_decreased": false,
                        "reference_price": "7.79",
                        "min_bunch_amount": 0.0,
                        "reference_format": "L",
                        "increment_bunch_amount": 0.0
                    }
                },
                {
                    "id": "28348",
                    "limit": 1000,
                    "badges": {
                        "is_water": false,
                        "requires_age_check": true
                    },
                    "packaging": "Ampolla",
                    "thumbnail": "https://prod-mercadona.imgix.net/20190521/48/28348/vlc1/28348_00_00.jpg?fit=crop&h=206&w=206",
                    "display_name": "Licor 43",
                    "bunch_selector": false,
                    "price_instructions": {
                        "iva": 21,
                        "is_new": false,
                        "is_pack": false,
                        "pack_size": null,
                        "unit_name": null,
                        "unit_size": 0.7,
                        "bulk_price": "19.21",
                        "unit_price": "13.45",
                        "approx_size": false,
                        "size_format": "l",
                        "total_units": null,
                        "unit_selector": true,
                        "bunch_selector": false,
                        "drained_weight": null,
                        "price_decreased": false,
                        "reference_price": "19.21",
                        "min_bunch_amount": 0.0,
                        "reference_format": "L",
                        "increment_bunch_amount": 0.0
                    }
                },
                {
                    "id": "28828",
                    "limit": 1000,
                    "badges": {
                        "is_water": false,
                        "requires_age_check": true
                    },
                    "packaging": "Ampolla",
                    "thumbnail": "https://prod-mercadona.imgix.net/20190521/28/28828/vlc1/28828_00_00.jpg?fit=crop&h=206&w=206",
                    "display_name": "Rom anyenc Almirante",
                    "bunch_selector": false,
                    "price_instructions": {
                        "iva": 21,
                        "is_new": false,
                        "is_pack": false,
                        "pack_size": null,
                        "unit_name": null,
                        "unit_size": 0.7,
                        "bulk_price": "7.56",
                        "unit_price": "5.29",
                        "approx_size": false,
                        "size_format": "l",
                        "total_units": null,
                        "unit_selector": true,
                        "bunch_selector": false,
                        "drained_weight": null,
                        "price_decreased": false,
                        "reference_price": "7.56",
                        "min_bunch_amount": 0.0,
                        "reference_format": "L",
                        "increment_bunch_amount": 0.0
                    }
                },
                {
                    "id": "28731",
                    "limit": 1000,
                    "badges": {
                        "is_water": false,
                        "requires_age_check": true
                    },
                    "packaging": "Ampolla",
                    "thumbnail": "https://prod-mercadona.imgix.net/20190521/31/28731/vlc1/28731_00_02.jpg?fit=crop&h=206&w=206",
                    "display_name": "Rom anyenc Negrita",
                    "bunch_selector": false,
                    "price_instructions": {
                        "iva": 21,
                        "is_new": false,
                        "is_pack": false,
                        "pack_size": null,
                        "unit_name": null,
                        "unit_size": 0.7,
                        "bulk_price": "11.29",
                        "unit_price": "7.90",
                        "approx_size": false,
                        "size_format": "l",
                        "total_units": null,
                        "unit_selector": true,
                        "bunch_selector": false,
                        "drained_weight": null,
                        "price_decreased": false,
                        "reference_price": "11.29",
                        "min_bunch_amount": 0.0,
                        "reference_format": "L",
                        "increment_bunch_amount": 0.0
                    }
                },
                {
                    "id": "28649",
                    "limit": 1000,
                    "badges": {
                        "is_water": false,
                        "requires_age_check": true
                    },
                    "packaging": "Ampolla",
                    "thumbnail": "https://prod-mercadona.imgix.net/20190521/49/28649/vlc1/28649_00_02.jpg?fit=crop&h=206&w=206",
                    "display_name": "Whisky John Cor",
                    "bunch_selector": false,
                    "price_instructions": {
                        "iva": 21,
                        "is_new": false,
                        "is_pack": false,
                        "pack_size": null,
                        "unit_name": null,
                        "unit_size": 0.7,
                        "bulk_price": "7.07",
                        "unit_price": "4.95",
                        "approx_size": false,
                        "size_format": "l",
                        "total_units": null,
                        "unit_selector": true,
                        "bunch_selector": false,
                        "drained_weight": null,
                        "price_decreased": false,
                        "reference_price": "7.07",
                        "min_bunch_amount": 1.0,
                        "reference_format": "L",
                        "increment_bunch_amount": 1.0
                    }
                },
                {
                    "id": "28830",
                    "limit": 1000,
                    "badges": {
                        "is_water": false,
                        "requires_age_check": true
                    },
                    "packaging": "Ampolla",
                    "thumbnail": "https://prod-mercadona.imgix.net/20190521/30/28830/vlc1/28830_00_02.jpg?fit=crop&h=206&w=206",
                    "display_name": "Rom blanc superior Almirante",
                    "bunch_selector": false,
                    "price_instructions": {
                        "iva": 21,
                        "is_new": false,
                        "is_pack": false,
                        "pack_size": null,
                        "unit_name": null,
                        "unit_size": 1.0,
                        "bulk_price": "5.95",
                        "unit_price": "5.95",
                        "approx_size": false,
                        "size_format": "l",
                        "total_units": null,
                        "unit_selector": true,
                        "bunch_selector": false,
                        "drained_weight": null,
                        "price_decreased": false,
                        "reference_price": "5.95",
                        "min_bunch_amount": 1.0,
                        "reference_format": "L",
                        "increment_bunch_amount": 1.0
                    }
                },
                {
                    "id": "28400",
                    "limit": 1000,
                    "badges": {
                        "is_water": false,
                        "requires_age_check": true
                    },
                    "packaging": "Ampolla",
                    "thumbnail": "https://prod-mercadona.imgix.net/20190521/00/28400/vlc1/28400_00_02.jpg?fit=crop&h=206&w=206",
                    "display_name": "Vermut blanc Martini",
                    "bunch_selector": false,
                    "price_instructions": {
                        "iva": 21,
                        "is_new": false,
                        "is_pack": false,
                        "pack_size": null,
                        "unit_name": null,
                        "unit_size": 1.0,
                        "bulk_price": "8.69",
                        "unit_price": "8.69",
                        "approx_size": false,
                        "size_format": "l",
                        "total_units": null,
                        "unit_selector": true,
                        "bunch_selector": false,
                        "drained_weight": null,
                        "price_decreased": false,
                        "reference_price": "8.69",
                        "min_bunch_amount": 1.0,
                        "reference_format": "L",
                        "increment_bunch_amount": 1.0
                    }
                },
                {
                    "id": "28328",
                    "limit": 1000,
                    "badges": {
                        "is_water": false,
                        "requires_age_check": true
                    },
                    "packaging": "Ampolla",
                    "thumbnail": "https://prod-mercadona.imgix.net/20190521/28/28328/vlc1/28328_00_02.jpg?fit=crop&h=206&w=206",
                    "display_name": "Licor crema d'orujo Regio",
                    "bunch_selector": false,
                    "price_instructions": {
                        "iva": 21,
                        "is_new": false,
                        "is_pack": false,
                        "pack_size": null,
                        "unit_name": null,
                        "unit_size": 0.7,
                        "bulk_price": "8.13",
                        "unit_price": "5.69",
                        "approx_size": false,
                        "size_format": "l",
                        "total_units": null,
                        "unit_selector": true,
                        "bunch_selector": false,
                        "drained_weight": null,
                        "price_decreased": false,
                        "reference_price": "8.13",
                        "min_bunch_amount": 0.0,
                        "reference_format": "L",
                        "increment_bunch_amount": 0.0
                    }
                },
                {
                    "id": "28392",
                    "limit": 1000,
                    "badges": {
                        "is_water": false,
                        "requires_age_check": true
                    },
                    "packaging": "Ampolla",
                    "thumbnail": "https://prod-mercadona.imgix.net/20190521/92/28392/vlc1/28392_00_02.jpg?fit=crop&h=206&w=206",
                    "display_name": "Crema di limoncello",
                    "bunch_selector": false,
                    "price_instructions": {
                        "iva": 21,
                        "is_new": false,
                        "is_pack": false,
                        "pack_size": null,
                        "unit_name": null,
                        "unit_size": 0.5,
                        "bulk_price": "9.78",
                        "unit_price": "4.89",
                        "approx_size": false,
                        "size_format": "l",
                        "total_units": null,
                        "unit_selector": true,
                        "bunch_selector": false,
                        "drained_weight": null,
                        "price_decreased": false,
                        "reference_price": "9.78",
                        "min_bunch_amount": 1.0,
                        "reference_format": "L",
                        "increment_bunch_amount": 1.0
                    }
                },
                {
                    "id": "28408",
                    "limit": 1000,
                    "badges": {
                        "is_water": false,
                        "requires_age_check": true
                    },
                    "packaging": "Ampolla",
                    "thumbnail": "https://prod-mercadona.imgix.net/20190521/08/28408/vlc1/28408_00_02.jpg?fit=crop&h=206&w=206",
                    "display_name": "Bitter Campari",
                    "bunch_selector": false,
                    "price_instructions": {
                        "iva": 21,
                        "is_new": false,
                        "is_pack": false,
                        "pack_size": null,
                        "unit_name": null,
                        "unit_size": 0.7,
                        "bulk_price": "18.89",
                        "unit_price": "13.22",
                        "approx_size": false,
                        "size_format": "l",
                        "total_units": null,
                        "unit_selector": true,
                        "bunch_selector": false,
                        "drained_weight": null,
                        "price_decreased": false,
                        "reference_price": "18.89",
                        "min_bunch_amount": 1.0,
                        "reference_format": "L",
                        "increment_bunch_amount": 1.0
                    }
                },
                {
                    "id": "28396",
                    "limit": 1000,
                    "badges": {
                        "is_water": false,
                        "requires_age_check": true
                    },
                    "packaging": "Ampolla",
                    "thumbnail": "https://prod-mercadona.imgix.net/20190521/96/28396/vlc1/28396_00_02.jpg?fit=crop&h=206&w=206",
                    "display_name": "Licor crema de whisky Royal Swan",
                    "bunch_selector": false,
                    "price_instructions": {
                        "iva": 21,
                        "is_new": false,
                        "is_pack": false,
                        "pack_size": null,
                        "unit_name": null,
                        "unit_size": 0.7,
                        "bulk_price": "6.99",
                        "unit_price": "4.89",
                        "approx_size": false,
                        "size_format": "l",
                        "total_units": null,
                        "unit_selector": true,
                        "bunch_selector": false,
                        "drained_weight": null,
                        "price_decreased": false,
                        "reference_price": "6.99",
                        "min_bunch_amount": 1.0,
                        "reference_format": "L",
                        "increment_bunch_amount": 1.0
                    }
                },
                {
                    "id": "28398",
                    "limit": 1000,
                    "badges": {
                        "is_water": false,
                        "requires_age_check": true
                    },
                    "packaging": "Ampolla",
                    "thumbnail": "https://prod-mercadona.imgix.net/20190521/98/28398/vlc1/28398_00_02.jpg?fit=crop&h=206&w=206",
                    "display_name": "Licor crema de xocolata Royal Swan",
                    "bunch_selector": false,
                    "price_instructions": {
                        "iva": 21,
                        "is_new": false,
                        "is_pack": false,
                        "pack_size": null,
                        "unit_name": null,
                        "unit_size": 0.7,
                        "bulk_price": "8.50",
                        "unit_price": "5.95",
                        "approx_size": false,
                        "size_format": "l",
                        "total_units": null,
                        "unit_selector": true,
                        "bunch_selector": false,
                        "drained_weight": null,
                        "price_decreased": false,
                        "reference_price": "8.50",
                        "min_bunch_amount": 0.0,
                        "reference_format": "L",
                        "increment_bunch_amount": 0.0
                    }
                },
                {
                    "id": "28446",
                    "limit": 1000,
                    "badges": {
                        "is_water": false,
                        "requires_age_check": true
                    },
                    "packaging": "Ampolla",
                    "thumbnail": "https://prod-mercadona.imgix.net/20190521/46/28446/vlc1/28446_00_02.jpg?fit=crop&h=206&w=206",
                    "display_name": "Licor de crema catalana Royal Swan",
                    "bunch_selector": false,
                    "price_instructions": {
                        "iva": 21,
                        "is_new": false,
                        "is_pack": false,
                        "pack_size": null,
                        "unit_name": null,
                        "unit_size": 0.7,
                        "bulk_price": "8.50",
                        "unit_price": "5.95",
                        "approx_size": false,
                        "size_format": "l",
                        "total_units": null,
                        "unit_selector": true,
                        "bunch_selector": false,
                        "drained_weight": null,
                        "price_decreased": false,
                        "reference_price": "8.50",
                        "min_bunch_amount": 1.0,
                        "reference_format": "L",
                        "increment_bunch_amount": 1.0
                    }
                },
                {
                    "id": "28293",
                    "limit": 1000,
                    "badges": {
                        "is_water": false,
                        "requires_age_check": true
                    },
                    "packaging": "Ampolla",
                    "thumbnail": "https://prod-mercadona.imgix.net/20190521/93/28293/vlc1/28293_00_02.jpg?fit=crop&h=206&w=206",
                    "display_name": "Licor d'herbes Ruavieja",
                    "bunch_selector": false,
                    "price_instructions": {
                        "iva": 21,
                        "is_new": false,
                        "is_pack": false,
                        "pack_size": null,
                        "unit_name": null,
                        "unit_size": 0.7,
                        "bulk_price": "12.64",
                        "unit_price": "8.85",
                        "approx_size": false,
                        "size_format": "l",
                        "total_units": null,
                        "unit_selector": true,
                        "bunch_selector": false,
                        "drained_weight": null,
                        "price_decreased": false,
                        "reference_price": "12.64",
                        "min_bunch_amount": 0.0,
                        "reference_format": "L",
                        "increment_bunch_amount": 0.0
                    }
                },
                {
                    "id": "28394",
                    "limit": 1000,
                    "badges": {
                        "is_water": false,
                        "requires_age_check": true
                    },
                    "packaging": "Ampolla",
                    "thumbnail": "https://prod-mercadona.imgix.net/20190521/94/28394/vlc1/28394_00_02.jpg?fit=crop&h=206&w=206",
                    "display_name": "Licor d'herbes Regio",
                    "bunch_selector": false,
                    "price_instructions": {
                        "iva": 21,
                        "is_new": false,
                        "is_pack": false,
                        "pack_size": null,
                        "unit_name": null,
                        "unit_size": 0.7,
                        "bulk_price": "8.13",
                        "unit_price": "5.69",
                        "approx_size": false,
                        "size_format": "l",
                        "total_units": null,
                        "unit_selector": true,
                        "bunch_selector": false,
                        "drained_weight": null,
                        "price_decreased": false,
                        "reference_price": "8.13",
                        "min_bunch_amount": 0.0,
                        "reference_format": "L",
                        "increment_bunch_amount": 0.0
                    }
                },
                {
                    "id": "28145",
                    "limit": 1000,
                    "badges": {
                        "is_water": false,
                        "requires_age_check": true
                    },
                    "packaging": "Ampolla",
                    "thumbnail": "https://prod-mercadona.imgix.net/20190521/45/28145/vlc1/28145_00_02.jpg?fit=crop&h=206&w=206",
                    "display_name": "Licor sense alcohol poma verda Vitafrut",
                    "bunch_selector": false,
                    "price_instructions": {
                        "iva": 10,
                        "is_new": false,
                        "is_pack": false,
                        "pack_size": null,
                        "unit_name": null,
                        "unit_size": 0.7,
                        "bulk_price": "2.43",
                        "unit_price": "1.70",
                        "approx_size": false,
                        "size_format": "l",
                        "total_units": null,
                        "unit_selector": true,
                        "bunch_selector": false,
                        "drained_weight": null,
                        "price_decreased": false,
                        "reference_price": "2.43",
                        "min_bunch_amount": 1.0,
                        "reference_format": "L",
                        "increment_bunch_amount": 1.0
                    }
                },
                {
                    "id": "28821",
                    "limit": 1000,
                    "badges": {
                        "is_water": false,
                        "requires_age_check": true
                    },
                    "packaging": "Ampolla",
                    "thumbnail": "https://prod-mercadona.imgix.net/20190521/21/28821/vlc1/28821_00_02.jpg?fit=crop&h=206&w=206",
                    "display_name": "Vodka Knebep",
                    "bunch_selector": false,
                    "price_instructions": {
                        "iva": 21,
                        "is_new": false,
                        "is_pack": false,
                        "pack_size": null,
                        "unit_name": null,
                        "unit_size": 0.7,
                        "bulk_price": "6.27",
                        "unit_price": "4.39",
                        "approx_size": false,
                        "size_format": "l",
                        "total_units": null,
                        "unit_selector": true,
                        "bunch_selector": false,
                        "drained_weight": null,
                        "price_decreased": false,
                        "reference_price": "6.27",
                        "min_bunch_amount": 0.0,
                        "reference_format": "L",
                        "increment_bunch_amount": 0.0
                    }
                },
                {
                    "id": "28725",
                    "limit": 1000,
                    "badges": {
                        "is_water": false,
                        "requires_age_check": true
                    },
                    "packaging": "Ampolla",
                    "thumbnail": "https://prod-mercadona.imgix.net/20190521/25/28725/vlc1/28725_00_02.jpg?fit=crop&h=206&w=206",
                    "display_name": "Vodka triple destil·lat Knebep",
                    "bunch_selector": false,
                    "price_instructions": {
                        "iva": 21,
                        "is_new": false,
                        "is_pack": false,
                        "pack_size": null,
                        "unit_name": null,
                        "unit_size": 0.7,
                        "bulk_price": "8.93",
                        "unit_price": "6.25",
                        "approx_size": false,
                        "size_format": "l",
                        "total_units": null,
                        "unit_selector": true,
                        "bunch_selector": false,
                        "drained_weight": null,
                        "price_decreased": false,
                        "reference_price": "8.93",
                        "min_bunch_amount": 1.0,
                        "reference_format": "L",
                        "increment_bunch_amount": 1.0
                    }
                },
                {
                    "id": "28833",
                    "limit": 1000,
                    "badges": {
                        "is_water": false,
                        "requires_age_check": true
                    },
                    "packaging": "Ampolla",
                    "thumbnail": "https://prod-mercadona.imgix.net/20190521/33/28833/vlc1/28833_00_02.jpg?fit=crop&h=206&w=206",
                    "display_name": "Beguda espirituosa a base de vodka Knebep violeta",
                    "bunch_selector": false,
                    "price_instructions": {
                        "iva": 21,
                        "is_new": false,
                        "is_pack": false,
                        "pack_size": null,
                        "unit_name": null,
                        "unit_size": 0.7,
                        "bulk_price": "6.41",
                        "unit_price": "4.49",
                        "approx_size": false,
                        "size_format": "l",
                        "total_units": null,
                        "unit_selector": true,
                        "bunch_selector": false,
                        "drained_weight": null,
                        "price_decreased": false,
                        "reference_price": "6.41",
                        "min_bunch_amount": 1.0,
                        "reference_format": "L",
                        "increment_bunch_amount": 1.0
                    }
                },
                {
                    "id": "28827",
                    "limit": 1000,
                    "badges": {
                        "is_water": false,
                        "requires_age_check": true
                    },
                    "packaging": "Ampolleta",
                    "thumbnail": "https://prod-mercadona.imgix.net/20190521/27/28827/vlc1/28827_00_02.jpg?fit=crop&h=206&w=206",
                    "display_name": "Beguda amb vodka gust llimona",
                    "bunch_selector": false,
                    "price_instructions": {
                        "iva": 21,
                        "is_new": false,
                        "is_pack": false,
                        "pack_size": null,
                        "unit_name": null,
                        "unit_size": 0.275,
                        "bulk_price": "3.64",
                        "unit_price": "1.00",
                        "approx_size": false,
                        "size_format": "l",
                        "total_units": null,
                        "unit_selector": true,
                        "bunch_selector": false,
                        "drained_weight": null,
                        "price_decreased": false,
                        "reference_price": "3.64",
                        "min_bunch_amount": 1.0,
                        "reference_format": "L",
                        "increment_bunch_amount": 1.0
                    }
                },
                {
                    "id": "28743",
                    "limit": 1000,
                    "badges": {
                        "is_water": false,
                        "requires_age_check": true
                    },
                    "packaging": "Ampolla",
                    "thumbnail": "https://prod-mercadona.imgix.net/20190521/43/28743/vlc1/28743_00_02.jpg?fit=crop&h=206&w=206",
                    "display_name": "Vodka Absolut",
                    "bunch_selector": false,
                    "price_instructions": {
                        "iva": 21,
                        "is_new": false,
                        "is_pack": false,
                        "pack_size": null,
                        "unit_name": null,
                        "unit_size": 0.7,
                        "bulk_price": "17.93",
                        "unit_price": "12.55",
                        "approx_size": false,
                        "size_format": "l",
                        "total_units": null,
                        "unit_selector": true,
                        "bunch_selector": false,
                        "drained_weight": null,
                        "price_decreased": false,
                        "reference_price": "17.93",
                        "min_bunch_amount": 0.0,
                        "reference_format": "L",
                        "increment_bunch_amount": 0.0
                    }
                },
                {
                    "id": "28722",
                    "limit": 1000,
                    "badges": {
                        "is_water": false,
                        "requires_age_check": true
                    },
                    "packaging": "Ampolla",
                    "thumbnail": "https://prod-mercadona.imgix.net/20190521/22/28722/vlc1/28722_00_02.jpg?fit=crop&h=206&w=206",
                    "display_name": "Vodka triple destil·lat Smirnoff",
                    "bunch_selector": false,
                    "price_instructions": {
                        "iva": 21,
                        "is_new": false,
                        "is_pack": false,
                        "pack_size": null,
                        "unit_name": null,
                        "unit_size": 1.0,
                        "bulk_price": "12.29",
                        "unit_price": "12.29",
                        "approx_size": false,
                        "size_format": "l",
                        "total_units": null,
                        "unit_selector": true,
                        "bunch_selector": false,
                        "drained_weight": null,
                        "price_decreased": false,
                        "reference_price": "12.29",
                        "min_bunch_amount": 0.0,
                        "reference_format": "L",
                        "increment_bunch_amount": 0.0
                    }
                },
                {
                    "id": "28834",
                    "limit": 1000,
                    "badges": {
                        "is_water": false,
                        "requires_age_check": true
                    },
                    "packaging": "Ampolla",
                    "thumbnail": "https://prod-mercadona.imgix.net/20190521/34/28834/vlc1/28834_00_02.jpg?fit=crop&h=206&w=206",
                    "display_name": "Beguda espirituosa a base de vodka Knebep vermella",
                    "bunch_selector": false,
                    "price_instructions": {
                        "iva": 21,
                        "is_new": false,
                        "is_pack": false,
                        "pack_size": null,
                        "unit_name": null,
                        "unit_size": 0.7,
                        "bulk_price": "6.41",
                        "unit_price": "4.49",
                        "approx_size": false,
                        "size_format": "l",
                        "total_units": null,
                        "unit_selector": true,
                        "bunch_selector": false,
                        "drained_weight": null,
                        "price_decreased": false,
                        "reference_price": "6.41",
                        "min_bunch_amount": 1.0,
                        "reference_format": "L",
                        "increment_bunch_amount": 1.0
                    }
                },
                {
                    "id": "28836",
                    "limit": 1000,
                    "badges": {
                        "is_water": false,
                        "requires_age_check": true
                    },
                    "packaging": "Ampolla",
                    "thumbnail": "https://prod-mercadona.imgix.net/20190521/36/28836/vlc1/28836_00_02.jpg?fit=crop&h=206&w=206",
                    "display_name": "Beguda espirituosa a base de vodka Knebep blava",
                    "bunch_selector": false,
                    "price_instructions": {
                        "iva": 21,
                        "is_new": false,
                        "is_pack": false,
                        "pack_size": null,
                        "unit_name": null,
                        "unit_size": 0.7,
                        "bulk_price": "6.41",
                        "unit_price": "4.49",
                        "approx_size": false,
                        "size_format": "l",
                        "total_units": null,
                        "unit_selector": true,
                        "bunch_selector": false,
                        "drained_weight": null,
                        "price_decreased": false,
                        "reference_price": "6.41",
                        "min_bunch_amount": 1.0,
                        "reference_format": "L",
                        "increment_bunch_amount": 1.0
                    }
                },
                {
                    "id": "28832",
                    "limit": 1000,
                    "badges": {
                        "is_water": false,
                        "requires_age_check": true
                    },
                    "packaging": "Ampolla",
                    "thumbnail": "https://prod-mercadona.imgix.net/20190521/32/28832/vlc1/28832_00_02.jpg?fit=crop&h=206&w=206",
                    "display_name": "Beguda espirituosa a base de vodka Knebep caramel",
                    "bunch_selector": false,
                    "price_instructions": {
                        "iva": 21,
                        "is_new": false,
                        "is_pack": false,
                        "pack_size": null,
                        "unit_name": null,
                        "unit_size": 0.7,
                        "bulk_price": "6.27",
                        "unit_price": "4.39",
                        "approx_size": false,
                        "size_format": "l",
                        "total_units": null,
                        "unit_selector": true,
                        "bunch_selector": false,
                        "drained_weight": null,
                        "price_decreased": false,
                        "reference_price": "6.27",
                        "min_bunch_amount": 1.0,
                        "reference_format": "L",
                        "increment_bunch_amount": 1.0
                    }
                },
                {
                    "id": "28835",
                    "limit": 1000,
                    "badges": {
                        "is_water": false,
                        "requires_age_check": true
                    },
                    "packaging": "Ampolla",
                    "thumbnail": "https://prod-mercadona.imgix.net/20190521/35/28835/vlc1/28835_00_02.jpg?fit=crop&h=206&w=206",
                    "display_name": "Beguda espirituosa a base de vodka Knebep negra",
                    "bunch_selector": false,
                    "price_instructions": {
                        "iva": 21,
                        "is_new": false,
                        "is_pack": false,
                        "pack_size": null,
                        "unit_name": null,
                        "unit_size": 0.7,
                        "bulk_price": "6.27",
                        "unit_price": "4.39",
                        "approx_size": false,
                        "size_format": "l",
                        "total_units": null,
                        "unit_selector": true,
                        "bunch_selector": false,
                        "drained_weight": null,
                        "price_decreased": false,
                        "reference_price": "6.27",
                        "min_bunch_amount": 1.0,
                        "reference_format": "L",
                        "increment_bunch_amount": 1.0
                    }
                },
                {
                    "id": "28696",
                    "limit": 1000,
                    "badges": {
                        "is_water": false,
                        "requires_age_check": true
                    },
                    "packaging": "Ampolla",
                    "thumbnail": "https://prod-mercadona.imgix.net/20190521/96/28696/vlc1/28696_01_02.jpg?fit=crop&h=206&w=206",
                    "display_name": "Ginebra London dry gin Sheriton",
                    "bunch_selector": false,
                    "price_instructions": {
                        "iva": 21,
                        "is_new": false,
                        "is_pack": false,
                        "pack_size": null,
                        "unit_name": null,
                        "unit_size": 0.7,
                        "bulk_price": "9.93",
                        "unit_price": "6.95",
                        "approx_size": false,
                        "size_format": "l",
                        "total_units": null,
                        "unit_selector": true,
                        "bunch_selector": false,
                        "drained_weight": null,
                        "price_decreased": false,
                        "reference_price": "9.93",
                        "min_bunch_amount": 0.0,
                        "reference_format": "L",
                        "increment_bunch_amount": 0.0
                    }
                },
                {
                    "id": "28825",
                    "limit": 1000,
                    "badges": {
                        "is_water": false,
                        "requires_age_check": true
                    },
                    "packaging": "Ampolla",
                    "thumbnail": "https://prod-mercadona.imgix.net/20190521/25/28825/vlc1/28825_00_02.jpg?fit=crop&h=206&w=206",
                    "display_name": "Ginebra London dry gin Bulldog",
                    "bunch_selector": false,
                    "price_instructions": {
                        "iva": 21,
                        "is_new": false,
                        "is_pack": false,
                        "pack_size": null,
                        "unit_name": null,
                        "unit_size": 0.7,
                        "bulk_price": "32.14",
                        "unit_price": "22.50",
                        "approx_size": false,
                        "size_format": "l",
                        "total_units": null,
                        "unit_selector": true,
                        "bunch_selector": false,
                        "drained_weight": null,
                        "price_decreased": false,
                        "reference_price": "32.14",
                        "min_bunch_amount": 1.0,
                        "reference_format": "L",
                        "increment_bunch_amount": 1.0
                    }
                },
                {
                    "id": "28824",
                    "limit": 1000,
                    "badges": {
                        "is_water": false,
                        "requires_age_check": true
                    },
                    "packaging": "Ampolla",
                    "thumbnail": "https://prod-mercadona.imgix.net/20190521/24/28824/vlc1/28824_00_02.jpg?fit=crop&h=206&w=206",
                    "display_name": "Ginebra England Iceland Martin Miller's",
                    "bunch_selector": false,
                    "price_instructions": {
                        "iva": 21,
                        "is_new": false,
                        "is_pack": false,
                        "pack_size": null,
                        "unit_name": null,
                        "unit_size": 0.7,
                        "bulk_price": "41.93",
                        "unit_price": "29.35",
                        "approx_size": false,
                        "size_format": "l",
                        "total_units": null,
                        "unit_selector": true,
                        "bunch_selector": false,
                        "drained_weight": null,
                        "price_decreased": false,
                        "reference_price": "41.93",
                        "min_bunch_amount": 1.0,
                        "reference_format": "L",
                        "increment_bunch_amount": 1.0
                    }
                },
                {
                    "id": "28246",
                    "limit": 1000,
                    "badges": {
                        "is_water": false,
                        "requires_age_check": true
                    },
                    "packaging": "Ampolla",
                    "thumbnail": "https://prod-mercadona.imgix.net/20190521/46/28246/vlc1/28246_00_02.jpg?fit=crop&h=206&w=206",
                    "display_name": "Beguda espirituosa centenari Terry",
                    "bunch_selector": false,
                    "price_instructions": {
                        "iva": 21,
                        "is_new": false,
                        "is_pack": false,
                        "pack_size": null,
                        "unit_name": null,
                        "unit_size": 1.0,
                        "bulk_price": "8.99",
                        "unit_price": "8.99",
                        "approx_size": false,
                        "size_format": "l",
                        "total_units": null,
                        "unit_selector": true,
                        "bunch_selector": false,
                        "drained_weight": null,
                        "price_decreased": false,
                        "reference_price": "8.99",
                        "min_bunch_amount": 0.0,
                        "reference_format": "L",
                        "increment_bunch_amount": 0.0
                    }
                },
                {
                    "id": "28231",
                    "limit": 1000,
                    "badges": {
                        "is_water": false,
                        "requires_age_check": true
                    },
                    "packaging": "Ampolla",
                    "thumbnail": "https://prod-mercadona.imgix.net/20190521/31/28231/vlc1/28231_00_00.jpg?fit=crop&h=206&w=206",
                    "display_name": "Beguda espirituosa Convidado de Baco",
                    "bunch_selector": false,
                    "price_instructions": {
                        "iva": 21,
                        "is_new": false,
                        "is_pack": false,
                        "pack_size": null,
                        "unit_name": null,
                        "unit_size": 1.0,
                        "bulk_price": "5.75",
                        "unit_price": "5.75",
                        "approx_size": false,
                        "size_format": "l",
                        "total_units": null,
                        "unit_selector": true,
                        "bunch_selector": false,
                        "drained_weight": null,
                        "price_decreased": false,
                        "reference_price": "5.75",
                        "min_bunch_amount": 0.0,
                        "reference_format": "L",
                        "increment_bunch_amount": 0.0
                    }
                },
                {
                    "id": "28219",
                    "limit": 1000,
                    "badges": {
                        "is_water": false,
                        "requires_age_check": true
                    },
                    "packaging": "Ampolla",
                    "thumbnail": "https://prod-mercadona.imgix.net/20190521/19/28219/vlc1/28219_00_02.jpg?fit=crop&h=206&w=206",
                    "display_name": "Beguda espirituosa Veterano Osborne",
                    "bunch_selector": false,
                    "price_instructions": {
                        "iva": 21,
                        "is_new": false,
                        "is_pack": false,
                        "pack_size": null,
                        "unit_name": null,
                        "unit_size": 1.0,
                        "bulk_price": "8.99",
                        "unit_price": "8.99",
                        "approx_size": false,
                        "size_format": "l",
                        "total_units": null,
                        "unit_selector": true,
                        "bunch_selector": false,
                        "drained_weight": null,
                        "price_decreased": false,
                        "reference_price": "8.99",
                        "min_bunch_amount": 0.0,
                        "reference_format": "L",
                        "increment_bunch_amount": 0.0
                    }
                },
                {
                    "id": "28211",
                    "limit": 1000,
                    "badges": {
                        "is_water": false,
                        "requires_age_check": true
                    },
                    "packaging": "Ampolla",
                    "thumbnail": "https://prod-mercadona.imgix.net/20190521/11/28211/vlc1/28211_00_00.jpg?fit=crop&h=206&w=206",
                    "display_name": "Brandi de Jerez solera reserva Magno",
                    "bunch_selector": false,
                    "price_instructions": {
                        "iva": 21,
                        "is_new": false,
                        "is_pack": false,
                        "pack_size": null,
                        "unit_name": null,
                        "unit_size": 0.7,
                        "bulk_price": "15.64",
                        "unit_price": "10.95",
                        "approx_size": false,
                        "size_format": "l",
                        "total_units": null,
                        "unit_selector": true,
                        "bunch_selector": false,
                        "drained_weight": null,
                        "price_decreased": false,
                        "reference_price": "15.64",
                        "min_bunch_amount": 1.0,
                        "reference_format": "L",
                        "increment_bunch_amount": 1.0
                    }
                },
                {
                    "id": "28262",
                    "limit": 1000,
                    "badges": {
                        "is_water": false,
                        "requires_age_check": true
                    },
                    "packaging": "Ampolla",
                    "thumbnail": "https://prod-mercadona.imgix.net/20190521/62/28262/vlc1/28262_00_02.jpg?fit=crop&h=206&w=206",
                    "display_name": "Brandi de Jerez solera Convidado de Baco",
                    "bunch_selector": false,
                    "price_instructions": {
                        "iva": 21,
                        "is_new": false,
                        "is_pack": false,
                        "pack_size": null,
                        "unit_name": null,
                        "unit_size": 0.7,
                        "bulk_price": "7.84",
                        "unit_price": "5.49",
                        "approx_size": false,
                        "size_format": "l",
                        "total_units": null,
                        "unit_selector": true,
                        "bunch_selector": false,
                        "drained_weight": null,
                        "price_decreased": false,
                        "reference_price": "7.84",
                        "min_bunch_amount": 0.0,
                        "reference_format": "L",
                        "increment_bunch_amount": 0.0
                    }
                },
                {
                    "id": "28214",
                    "limit": 1000,
                    "badges": {
                        "is_water": false,
                        "requires_age_check": true
                    },
                    "packaging": "Ampolla",
                    "thumbnail": "https://prod-mercadona.imgix.net/20190521/14/28214/vlc1/28214_00_00.jpg?fit=crop&h=206&w=206",
                    "display_name": "Brandi imperial gran reserva Torres 10",
                    "bunch_selector": false,
                    "price_instructions": {
                        "iva": 21,
                        "is_new": false,
                        "is_pack": false,
                        "pack_size": null,
                        "unit_name": null,
                        "unit_size": 0.7,
                        "bulk_price": "16.07",
                        "unit_price": "11.25",
                        "approx_size": false,
                        "size_format": "l",
                        "total_units": null,
                        "unit_selector": true,
                        "bunch_selector": false,
                        "drained_weight": null,
                        "price_decreased": false,
                        "reference_price": "16.07",
                        "min_bunch_amount": 0.0,
                        "reference_format": "L",
                        "increment_bunch_amount": 0.0
                    }
                },
                {
                    "id": "28203",
                    "limit": 1000,
                    "badges": {
                        "is_water": false,
                        "requires_age_check": true
                    },
                    "packaging": "Ampolla",
                    "thumbnail": "https://prod-mercadona.imgix.net/20190521/03/28203/vlc1/28203_00_00.jpg?fit=crop&h=206&w=206",
                    "display_name": "Brandi de Jerez solera reserva Convidado de Baco",
                    "bunch_selector": false,
                    "price_instructions": {
                        "iva": 21,
                        "is_new": false,
                        "is_pack": false,
                        "pack_size": null,
                        "unit_name": null,
                        "unit_size": 0.7,
                        "bulk_price": "9.93",
                        "unit_price": "6.95",
                        "approx_size": false,
                        "size_format": "l",
                        "total_units": null,
                        "unit_selector": true,
                        "bunch_selector": false,
                        "drained_weight": null,
                        "price_decreased": false,
                        "reference_price": "9.93",
                        "min_bunch_amount": 1.0,
                        "reference_format": "L",
                        "increment_bunch_amount": 1.0
                    }
                },
                {
                    "id": "28232",
                    "limit": 1000,
                    "badges": {
                        "is_water": false,
                        "requires_age_check": true
                    },
                    "packaging": "Ampolla",
                    "thumbnail": "https://prod-mercadona.imgix.net/20190521/32/28232/vlc1/28232_00_02.jpg?fit=crop&h=206&w=206",
                    "display_name": "Brandi de Jerez solera gran reserva Cardenal Mendoza",
                    "bunch_selector": false,
                    "price_instructions": {
                        "iva": 21,
                        "is_new": false,
                        "is_pack": false,
                        "pack_size": null,
                        "unit_name": null,
                        "unit_size": 0.7,
                        "bulk_price": "33.07",
                        "unit_price": "23.15",
                        "approx_size": false,
                        "size_format": "l",
                        "total_units": null,
                        "unit_selector": true,
                        "bunch_selector": false,
                        "drained_weight": null,
                        "price_decreased": false,
                        "reference_price": "33.07",
                        "min_bunch_amount": 1.0,
                        "reference_format": "L",
                        "increment_bunch_amount": 1.0
                    }
                },
                {
                    "id": "28206",
                    "limit": 1000,
                    "badges": {
                        "is_water": false,
                        "requires_age_check": true
                    },
                    "packaging": "Ampolla",
                    "thumbnail": "https://prod-mercadona.imgix.net/20190521/06/28206/vlc1/28206_00_00.jpg?fit=crop&h=206&w=206",
                    "display_name": "Brandi de Jerez solera gran reserva Convidado de Baco",
                    "bunch_selector": false,
                    "price_instructions": {
                        "iva": 21,
                        "is_new": false,
                        "is_pack": false,
                        "pack_size": null,
                        "unit_name": null,
                        "unit_size": 0.7,
                        "bulk_price": "15.64",
                        "unit_price": "10.95",
                        "approx_size": false,
                        "size_format": "l",
                        "total_units": null,
                        "unit_selector": true,
                        "bunch_selector": false,
                        "drained_weight": null,
                        "price_decreased": false,
                        "reference_price": "15.64",
                        "min_bunch_amount": 1.0,
                        "reference_format": "L",
                        "increment_bunch_amount": 1.0
                    }
                },
                {
                    "id": "28844",
                    "limit": 1000,
                    "badges": {
                        "is_water": false,
                        "requires_age_check": true
                    },
                    "packaging": "Ampolla",
                    "thumbnail": "https://prod-mercadona.imgix.net/20190521/44/28844/vlc1/28844_00_02.jpg?fit=crop&h=206&w=206",
                    "display_name": "Licor Ronmiel de Canarias Perla de las Islas",
                    "bunch_selector": false,
                    "price_instructions": {
                        "iva": 21,
                        "is_new": false,
                        "is_pack": false,
                        "pack_size": null,
                        "unit_name": null,
                        "unit_size": 0.7,
                        "bulk_price": "8.50",
                        "unit_price": "5.95",
                        "approx_size": false,
                        "size_format": "l",
                        "total_units": null,
                        "unit_selector": true,
                        "bunch_selector": false,
                        "drained_weight": null,
                        "price_decreased": false,
                        "reference_price": "8.50",
                        "min_bunch_amount": 1.0,
                        "reference_format": "L",
                        "increment_bunch_amount": 1.0
                    }
                },
                {
                    "id": "28300",
                    "limit": 1000,
                    "badges": {
                        "is_water": false,
                        "requires_age_check": true
                    },
                    "packaging": "Ampolla",
                    "thumbnail": "https://prod-mercadona.imgix.net/20190521/00/28300/vlc1/28300_00_02.jpg?fit=crop&h=206&w=206",
                    "display_name": "Licor d'anís Marie Brizard Anisette",
                    "bunch_selector": false,
                    "price_instructions": {
                        "iva": 21,
                        "is_new": false,
                        "is_pack": false,
                        "pack_size": null,
                        "unit_name": null,
                        "unit_size": 1.0,
                        "bulk_price": "8.90",
                        "unit_price": "8.90",
                        "approx_size": false,
                        "size_format": "l",
                        "total_units": null,
                        "unit_selector": true,
                        "bunch_selector": false,
                        "drained_weight": null,
                        "price_decreased": false,
                        "reference_price": "8.90",
                        "min_bunch_amount": 0.0,
                        "reference_format": "L",
                        "increment_bunch_amount": 0.0
                    }
                },
                {
                    "id": "28381",
                    "limit": 1000,
                    "badges": {
                        "is_water": false,
                        "requires_age_check": true
                    },
                    "packaging": "Ampolla",
                    "thumbnail": "https://prod-mercadona.imgix.net/20190521/81/28381/vlc1/28381_00_02.jpg?fit=crop&h=206&w=206",
                    "display_name": "Licor d'anís dolç La Castellana",
                    "bunch_selector": false,
                    "price_instructions": {
                        "iva": 21,
                        "is_new": false,
                        "is_pack": false,
                        "pack_size": null,
                        "unit_name": null,
                        "unit_size": 0.7,
                        "bulk_price": "10.64",
                        "unit_price": "7.45",
                        "approx_size": false,
                        "size_format": "l",
                        "total_units": null,
                        "unit_selector": true,
                        "bunch_selector": false,
                        "drained_weight": null,
                        "price_decreased": false,
                        "reference_price": "10.64",
                        "min_bunch_amount": 1.0,
                        "reference_format": "L",
                        "increment_bunch_amount": 1.0
                    }
                },
                {
                    "id": "28510",
                    "limit": 1000,
                    "badges": {
                        "is_water": false,
                        "requires_age_check": true
                    },
                    "packaging": "Ampolla",
                    "thumbnail": "https://prod-mercadona.imgix.net/20190521/10/28510/vlc1/28510_00_02.jpg?fit=crop&h=206&w=206",
                    "display_name": "Licor de cafè Pi.omka",
                    "bunch_selector": false,
                    "price_instructions": {
                        "iva": 21,
                        "is_new": false,
                        "is_pack": false,
                        "pack_size": null,
                        "unit_name": null,
                        "unit_size": 0.7,
                        "bulk_price": "7.86",
                        "unit_price": "5.50",
                        "approx_size": false,
                        "size_format": "l",
                        "total_units": null,
                        "unit_selector": true,
                        "bunch_selector": false,
                        "drained_weight": null,
                        "price_decreased": false,
                        "reference_price": "7.86",
                        "min_bunch_amount": 1.0,
                        "reference_format": "L",
                        "increment_bunch_amount": 1.0
                    }
                },
                {
                    "id": "66459",
                    "limit": 1000,
                    "badges": {
                        "is_water": false,
                        "requires_age_check": true
                    },
                    "packaging": "Ampolleta",
                    "thumbnail": "https://prod-mercadona.imgix.net/20190521/59/66459/vlc1/66459_00_02.jpg?fit=crop&h=206&w=206",
                    "display_name": "Licor sake Yaegaki Junmai",
                    "bunch_selector": false,
                    "price_instructions": {
                        "iva": 21,
                        "is_new": false,
                        "is_pack": false,
                        "pack_size": null,
                        "unit_name": null,
                        "unit_size": 0.3,
                        "bulk_price": "15.00",
                        "unit_price": "4.50",
                        "approx_size": false,
                        "size_format": "l",
                        "total_units": null,
                        "unit_selector": true,
                        "bunch_selector": false,
                        "drained_weight": null,
                        "price_decreased": false,
                        "reference_price": "15.00",
                        "min_bunch_amount": 1.0,
                        "reference_format": "L",
                        "increment_bunch_amount": 1.0
                    }
                },
                {
                    "id": "28489",
                    "limit": 1000,
                    "badges": {
                        "is_water": false,
                        "requires_age_check": true
                    },
                    "packaging": "Ampolla",
                    "thumbnail": "https://prod-mercadona.imgix.net/20190521/89/28489/vlc1/28489_00_02.jpg?fit=crop&h=206&w=206",
                    "display_name": "Còctel mojito sense alcohol Pi.omka",
                    "bunch_selector": false,
                    "price_instructions": {
                        "iva": 10,
                        "is_new": false,
                        "is_pack": false,
                        "pack_size": null,
                        "unit_name": null,
                        "unit_size": 0.7,
                        "bulk_price": "3.93",
                        "unit_price": "2.75",
                        "approx_size": false,
                        "size_format": "l",
                        "total_units": null,
                        "unit_selector": true,
                        "bunch_selector": false,
                        "drained_weight": null,
                        "price_decreased": false,
                        "reference_price": "3.93",
                        "min_bunch_amount": 1.0,
                        "reference_format": "L",
                        "increment_bunch_amount": 1.0
                    }
                },
                {
                    "id": "28490",
                    "limit": 1000,
                    "badges": {
                        "is_water": false,
                        "requires_age_check": true
                    },
                    "packaging": "Ampolla",
                    "thumbnail": "https://prod-mercadona.imgix.net/20190521/90/28490/vlc1/28490_00_02.jpg?fit=crop&h=206&w=206",
                    "display_name": "Còctel pinya colada sense alcohol Pi.omka",
                    "bunch_selector": false,
                    "price_instructions": {
                        "iva": 10,
                        "is_new": false,
                        "is_pack": false,
                        "pack_size": null,
                        "unit_name": null,
                        "unit_size": 0.7,
                        "bulk_price": "3.93",
                        "unit_price": "2.75",
                        "approx_size": false,
                        "size_format": "l",
                        "total_units": null,
                        "unit_selector": true,
                        "bunch_selector": false,
                        "drained_weight": null,
                        "price_decreased": false,
                        "reference_price": "3.93",
                        "min_bunch_amount": 1.0,
                        "reference_format": "L",
                        "increment_bunch_amount": 1.0
                    }
                },
                {
                    "id": "28642",
                    "limit": 1000,
                    "badges": {
                        "is_water": false,
                        "requires_age_check": true
                    },
                    "packaging": "Ampolla",
                    "thumbnail": "https://prod-mercadona.imgix.net/20190521/42/28642/vlc1/28642_00_02.jpg?fit=crop&h=206&w=206",
                    "display_name": "Whisky escocès Ballantine's",
                    "bunch_selector": false,
                    "price_instructions": {
                        "iva": 21,
                        "is_new": false,
                        "is_pack": false,
                        "pack_size": null,
                        "unit_name": null,
                        "unit_size": 1.0,
                        "bulk_price": "16.65",
                        "unit_price": "16.65",
                        "approx_size": false,
                        "size_format": "l",
                        "total_units": null,
                        "unit_selector": true,
                        "bunch_selector": false,
                        "drained_weight": null,
                        "price_decreased": false,
                        "reference_price": "16.65",
                        "min_bunch_amount": 1.0,
                        "reference_format": "L",
                        "increment_bunch_amount": 1.0
                    }
                },
                {
                    "id": "28604",
                    "limit": 1000,
                    "badges": {
                        "is_water": false,
                        "requires_age_check": true
                    },
                    "packaging": "Ampolla",
                    "thumbnail": "https://prod-mercadona.imgix.net/20190521/04/28604/vlc1/28604_00_02.jpg?fit=crop&h=206&w=206",
                    "display_name": "Whisky escocès Ballantine's",
                    "bunch_selector": false,
                    "price_instructions": {
                        "iva": 21,
                        "is_new": false,
                        "is_pack": false,
                        "pack_size": null,
                        "unit_name": null,
                        "unit_size": 0.7,
                        "bulk_price": "17.64",
                        "unit_price": "12.35",
                        "approx_size": false,
                        "size_format": "l",
                        "total_units": null,
                        "unit_selector": true,
                        "bunch_selector": false,
                        "drained_weight": null,
                        "price_decreased": false,
                        "reference_price": "17.64",
                        "min_bunch_amount": 0.0,
                        "reference_format": "L",
                        "increment_bunch_amount": 0.0
                    }
                },
                {
                    "id": "28624",
                    "limit": 1000,
                    "badges": {
                        "is_water": false,
                        "requires_age_check": true
                    },
                    "packaging": "Ampolla",
                    "thumbnail": "https://prod-mercadona.imgix.net/20190521/24/28624/vlc1/28624_00_02.jpg?fit=crop&h=206&w=206",
                    "display_name": "Whisky nacional DYC",
                    "bunch_selector": false,
                    "price_instructions": {
                        "iva": 21,
                        "is_new": false,
                        "is_pack": false,
                        "pack_size": null,
                        "unit_name": null,
                        "unit_size": 1.0,
                        "bulk_price": "12.10",
                        "unit_price": "12.10",
                        "approx_size": false,
                        "size_format": "l",
                        "total_units": null,
                        "unit_selector": true,
                        "bunch_selector": false,
                        "drained_weight": null,
                        "price_decreased": false,
                        "reference_price": "12.10",
                        "min_bunch_amount": 0.0,
                        "reference_format": "L",
                        "increment_bunch_amount": 0.0
                    }
                },
                {
                    "id": "28645",
                    "limit": 1000,
                    "badges": {
                        "is_water": false,
                        "requires_age_check": true
                    },
                    "packaging": "Ampolla",
                    "thumbnail": "https://prod-mercadona.imgix.net/20190521/45/28645/vlc1/28645_00_02.jpg?fit=crop&h=206&w=206",
                    "display_name": "Whisky escocès Always",
                    "bunch_selector": false,
                    "price_instructions": {
                        "iva": 21,
                        "is_new": false,
                        "is_pack": false,
                        "pack_size": null,
                        "unit_name": null,
                        "unit_size": 0.7,
                        "bulk_price": "8.93",
                        "unit_price": "6.25",
                        "approx_size": false,
                        "size_format": "l",
                        "total_units": null,
                        "unit_selector": true,
                        "bunch_selector": false,
                        "drained_weight": null,
                        "price_decreased": false,
                        "reference_price": "8.93",
                        "min_bunch_amount": 0.0,
                        "reference_format": "L",
                        "increment_bunch_amount": 0.0
                    }
                },
                {
                    "id": "28617",
                    "limit": 1000,
                    "badges": {
                        "is_water": false,
                        "requires_age_check": true
                    },
                    "packaging": "Ampolla",
                    "thumbnail": "https://prod-mercadona.imgix.net/20190521/17/28617/vlc1/28617_00_02.jpg?fit=crop&h=206&w=206",
                    "display_name": "Whisky escocès Dewar's White Label",
                    "bunch_selector": false,
                    "price_instructions": {
                        "iva": 21,
                        "is_new": false,
                        "is_pack": false,
                        "pack_size": null,
                        "unit_name": null,
                        "unit_size": 0.7,
                        "bulk_price": "17.13",
                        "unit_price": "11.99",
                        "approx_size": false,
                        "size_format": "l",
                        "total_units": null,
                        "unit_selector": true,
                        "bunch_selector": false,
                        "drained_weight": null,
                        "price_decreased": false,
                        "reference_price": "17.13",
                        "min_bunch_amount": 1.0,
                        "reference_format": "L",
                        "increment_bunch_amount": 1.0
                    }
                },
                {
                    "id": "28627",
                    "limit": 1000,
                    "badges": {
                        "is_water": false,
                        "requires_age_check": true
                    },
                    "packaging": "Ampolla",
                    "thumbnail": "https://prod-mercadona.imgix.net/20190521/27/28627/vlc1/28627_00_02.jpg?fit=crop&h=206&w=206",
                    "display_name": "Whisky irlandès Jameson",
                    "bunch_selector": false,
                    "price_instructions": {
                        "iva": 21,
                        "is_new": false,
                        "is_pack": false,
                        "pack_size": null,
                        "unit_name": null,
                        "unit_size": 0.7,
                        "bulk_price": "24.23",
                        "unit_price": "16.96",
                        "approx_size": false,
                        "size_format": "l",
                        "total_units": null,
                        "unit_selector": true,
                        "bunch_selector": false,
                        "drained_weight": null,
                        "price_decreased": false,
                        "reference_price": "24.23",
                        "min_bunch_amount": 0.0,
                        "reference_format": "L",
                        "increment_bunch_amount": 0.0
                    }
                },
                {
                    "id": "28652",
                    "limit": 1000,
                    "badges": {
                        "is_water": false,
                        "requires_age_check": true
                    },
                    "packaging": "Ampolla",
                    "thumbnail": "https://prod-mercadona.imgix.net/20190521/52/28652/vlc1/28652_00_02.jpg?fit=crop&h=206&w=206",
                    "display_name": "Whisky escocès Berwick's",
                    "bunch_selector": false,
                    "price_instructions": {
                        "iva": 21,
                        "is_new": false,
                        "is_pack": false,
                        "pack_size": null,
                        "unit_name": null,
                        "unit_size": 0.7,
                        "bulk_price": "9.27",
                        "unit_price": "6.49",
                        "approx_size": false,
                        "size_format": "l",
                        "total_units": null,
                        "unit_selector": true,
                        "bunch_selector": false,
                        "drained_weight": null,
                        "price_decreased": false,
                        "reference_price": "9.27",
                        "min_bunch_amount": 1.0,
                        "reference_format": "L",
                        "increment_bunch_amount": 1.0
                    }
                },
                {
                    "id": "28445",
                    "limit": 1000,
                    "badges": {
                        "is_water": false,
                        "requires_age_check": true
                    },
                    "packaging": "Ampolla",
                    "thumbnail": "https://prod-mercadona.imgix.net/20190521/45/28445/vlc1/28445_00_02.jpg?fit=crop&h=206&w=206",
                    "display_name": "Licor de préssec Milord",
                    "bunch_selector": false,
                    "price_instructions": {
                        "iva": 21,
                        "is_new": false,
                        "is_pack": false,
                        "pack_size": null,
                        "unit_name": null,
                        "unit_size": 0.7,
                        "bulk_price": "3.79",
                        "unit_price": "2.65",
                        "approx_size": false,
                        "size_format": "l",
                        "total_units": null,
                        "unit_selector": true,
                        "bunch_selector": false,
                        "drained_weight": null,
                        "price_decreased": false,
                        "reference_price": "3.79",
                        "min_bunch_amount": 0.0,
                        "reference_format": "L",
                        "increment_bunch_amount": 0.0
                    }
                },
                {
                    "id": "28488",
                    "limit": 1000,
                    "badges": {
                        "is_water": false,
                        "requires_age_check": true
                    },
                    "packaging": "Ampolla",
                    "thumbnail": "https://prod-mercadona.imgix.net/20190521/88/28488/vlc1/28488_00_02.jpg?fit=crop&h=206&w=206",
                    "display_name": "Vermut rosato Martini",
                    "bunch_selector": false,
                    "price_instructions": {
                        "iva": 21,
                        "is_new": false,
                        "is_pack": false,
                        "pack_size": null,
                        "unit_name": null,
                        "unit_size": 1.0,
                        "bulk_price": "8.69",
                        "unit_price": "8.69",
                        "approx_size": false,
                        "size_format": "l",
                        "total_units": null,
                        "unit_selector": true,
                        "bunch_selector": false,
                        "drained_weight": null,
                        "price_decreased": false,
                        "reference_price": "8.69",
                        "min_bunch_amount": 1.0,
                        "reference_format": "L",
                        "increment_bunch_amount": 1.0
                    }
                },
                {
                    "id": "28311",
                    "limit": 1000,
                    "badges": {
                        "is_water": false,
                        "requires_age_check": true
                    },
                    "packaging": "Ampolla",
                    "thumbnail": "https://prod-mercadona.imgix.net/20190521/11/28311/vlc1/28311_02_02.jpg?fit=crop&h=206&w=206",
                    "display_name": "Anís sec Tenis",
                    "bunch_selector": false,
                    "price_instructions": {
                        "iva": 21,
                        "is_new": false,
                        "is_pack": false,
                        "pack_size": null,
                        "unit_name": null,
                        "unit_size": 1.0,
                        "bulk_price": "11.45",
                        "unit_price": "11.45",
                        "approx_size": false,
                        "size_format": "l",
                        "total_units": null,
                        "unit_selector": true,
                        "bunch_selector": false,
                        "drained_weight": null,
                        "price_decreased": false,
                        "reference_price": "11.45",
                        "min_bunch_amount": 1.0,
                        "reference_format": "L",
                        "increment_bunch_amount": 1.0
                    }
                },
                {
                    "id": "28352",
                    "limit": 1000,
                    "badges": {
                        "is_water": false,
                        "requires_age_check": true
                    },
                    "packaging": "Ampolla",
                    "thumbnail": "https://prod-mercadona.imgix.net/20190521/52/28352/vlc1/28352_00_02.jpg?fit=crop&h=206&w=206",
                    "display_name": "Licor d'anís dolç Regio",
                    "bunch_selector": false,
                    "price_instructions": {
                        "iva": 21,
                        "is_new": false,
                        "is_pack": false,
                        "pack_size": null,
                        "unit_name": null,
                        "unit_size": 1.0,
                        "bulk_price": "5.89",
                        "unit_price": "5.89",
                        "approx_size": false,
                        "size_format": "l",
                        "total_units": null,
                        "unit_selector": true,
                        "bunch_selector": false,
                        "drained_weight": null,
                        "price_decreased": false,
                        "reference_price": "5.89",
                        "min_bunch_amount": 1.0,
                        "reference_format": "L",
                        "increment_bunch_amount": 1.0
                    }
                },
                {
                    "id": "28742",
                    "limit": 1000,
                    "badges": {
                        "is_water": false,
                        "requires_age_check": true
                    },
                    "packaging": "Ampolla",
                    "thumbnail": "https://prod-mercadona.imgix.net/20190521/42/28742/vlc1/28742_00_02.jpg?fit=crop&h=206&w=206",
                    "display_name": "Tequila reposat Jose Cuervo",
                    "bunch_selector": false,
                    "price_instructions": {
                        "iva": 21,
                        "is_new": false,
                        "is_pack": false,
                        "pack_size": null,
                        "unit_name": null,
                        "unit_size": 0.7,
                        "bulk_price": "20.36",
                        "unit_price": "14.25",
                        "approx_size": false,
                        "size_format": "l",
                        "total_units": null,
                        "unit_selector": true,
                        "bunch_selector": false,
                        "drained_weight": null,
                        "price_decreased": false,
                        "reference_price": "20.36",
                        "min_bunch_amount": 0.0,
                        "reference_format": "L",
                        "increment_bunch_amount": 0.0
                    }
                },
                {
                    "id": "28831",
                    "limit": 1000,
                    "badges": {
                        "is_water": false,
                        "requires_age_check": true
                    },
                    "packaging": "Ampolla",
                    "thumbnail": "https://prod-mercadona.imgix.net/20190521/31/28831/vlc1/28831_00_02.jpg?fit=crop&h=206&w=206",
                    "display_name": "Licor d'herbes Chupitazo",
                    "bunch_selector": false,
                    "price_instructions": {
                        "iva": 21,
                        "is_new": false,
                        "is_pack": false,
                        "pack_size": null,
                        "unit_name": null,
                        "unit_size": 0.7,
                        "bulk_price": "9.93",
                        "unit_price": "6.95",
                        "approx_size": false,
                        "size_format": "l",
                        "total_units": null,
                        "unit_selector": true,
                        "bunch_selector": false,
                        "drained_weight": null,
                        "price_decreased": false,
                        "reference_price": "9.93",
                        "min_bunch_amount": 0.0,
                        "reference_format": "L",
                        "increment_bunch_amount": 0.0
                    }
                },
                {
                    "id": "28357",
                    "limit": 1000,
                    "badges": {
                        "is_water": false,
                        "requires_age_check": true
                    },
                    "packaging": "Ampolla",
                    "thumbnail": "https://prod-mercadona.imgix.net/20190521/57/28357/vlc1/28357_00_02.jpg?fit=crop&h=206&w=206",
                    "display_name": "Anís sec Regio",
                    "bunch_selector": false,
                    "price_instructions": {
                        "iva": 21,
                        "is_new": false,
                        "is_pack": false,
                        "pack_size": null,
                        "unit_name": null,
                        "unit_size": 1.0,
                        "bulk_price": "7.45",
                        "unit_price": "7.45",
                        "approx_size": false,
                        "size_format": "l",
                        "total_units": null,
                        "unit_selector": true,
                        "bunch_selector": false,
                        "drained_weight": null,
                        "price_decreased": false,
                        "reference_price": "7.45",
                        "min_bunch_amount": 1.0,
                        "reference_format": "L",
                        "increment_bunch_amount": 1.0
                    }
                },
                {
                    "id": "28333",
                    "limit": 1000,
                    "badges": {
                        "is_water": false,
                        "requires_age_check": true
                    },
                    "packaging": "Ampolla",
                    "thumbnail": "https://prod-mercadona.imgix.net/20190521/33/28333/vlc1/28333_00_02.jpg?fit=crop&h=206&w=206",
                    "display_name": "Licor dolç Anís del mono",
                    "bunch_selector": false,
                    "price_instructions": {
                        "iva": 21,
                        "is_new": false,
                        "is_pack": false,
                        "pack_size": null,
                        "unit_name": null,
                        "unit_size": 0.7,
                        "bulk_price": "11.21",
                        "unit_price": "7.85",
                        "approx_size": false,
                        "size_format": "l",
                        "total_units": null,
                        "unit_selector": true,
                        "bunch_selector": false,
                        "drained_weight": null,
                        "price_decreased": false,
                        "reference_price": "11.21",
                        "min_bunch_amount": 1.0,
                        "reference_format": "L",
                        "increment_bunch_amount": 1.0
                    }
                },
                {
                    "id": "28397",
                    "limit": 1000,
                    "badges": {
                        "is_water": false,
                        "requires_age_check": true
                    },
                    "packaging": "Ampolla",
                    "thumbnail": "https://prod-mercadona.imgix.net/20190521/97/28397/vlc1/28397_00_02.jpg?fit=crop&h=206&w=206",
                    "display_name": "Anís sec Cerveró",
                    "bunch_selector": false,
                    "price_instructions": {
                        "iva": 21,
                        "is_new": false,
                        "is_pack": false,
                        "pack_size": null,
                        "unit_name": null,
                        "unit_size": 1.0,
                        "bulk_price": "9.65",
                        "unit_price": "9.65",
                        "approx_size": false,
                        "size_format": "l",
                        "total_units": null,
                        "unit_selector": true,
                        "bunch_selector": false,
                        "drained_weight": null,
                        "price_decreased": false,
                        "reference_price": "9.65",
                        "min_bunch_amount": 1.0,
                        "reference_format": "L",
                        "increment_bunch_amount": 1.0
                    }
                },
                {
                    "id": "28436",
                    "limit": 1000,
                    "badges": {
                        "is_water": false,
                        "requires_age_check": true
                    },
                    "packaging": "Ampolla",
                    "thumbnail": "https://prod-mercadona.imgix.net/20190521/36/28436/vlc1/28436_00_02.jpg?fit=crop&h=206&w=206",
                    "display_name": "Licor d'anís Pastis Prado Le Mistral",
                    "bunch_selector": false,
                    "price_instructions": {
                        "iva": 21,
                        "is_new": false,
                        "is_pack": false,
                        "pack_size": null,
                        "unit_name": null,
                        "unit_size": 1.0,
                        "bulk_price": "7.10",
                        "unit_price": "7.10",
                        "approx_size": false,
                        "size_format": "l",
                        "total_units": null,
                        "unit_selector": true,
                        "bunch_selector": false,
                        "drained_weight": null,
                        "price_decreased": false,
                        "reference_price": "7.10",
                        "min_bunch_amount": 0.0,
                        "reference_format": "L",
                        "increment_bunch_amount": 0.0
                    }
                },
                {
                    "id": "28359",
                    "limit": 1000,
                    "badges": {
                        "is_water": false,
                        "requires_age_check": true
                    },
                    "packaging": "Ampolla",
                    "thumbnail": "https://prod-mercadona.imgix.net/20190521/59/28359/vlc1/28359_00_02.jpg?fit=crop&h=206&w=206",
                    "display_name": "Beguda espirituosa anisada Antioqueño Aiguardent",
                    "bunch_selector": false,
                    "price_instructions": {
                        "iva": 21,
                        "is_new": false,
                        "is_pack": false,
                        "pack_size": null,
                        "unit_name": null,
                        "unit_size": 0.7,
                        "bulk_price": "14.93",
                        "unit_price": "10.45",
                        "approx_size": false,
                        "size_format": "l",
                        "total_units": null,
                        "unit_selector": true,
                        "bunch_selector": false,
                        "drained_weight": null,
                        "price_decreased": false,
                        "reference_price": "14.93",
                        "min_bunch_amount": 1.0,
                        "reference_format": "L",
                        "increment_bunch_amount": 1.0
                    }
                },
                {
                    "id": "28724",
                    "limit": 1000,
                    "badges": {
                        "is_water": false,
                        "requires_age_check": true
                    },
                    "packaging": "Ampolla",
                    "thumbnail": "https://prod-mercadona.imgix.net/20190521/24/28724/vlc1/28724_00_02.jpg?fit=crop&h=206&w=206",
                    "display_name": "Licor d'herbes Jägermeister",
                    "bunch_selector": false,
                    "price_instructions": {
                        "iva": 21,
                        "is_new": false,
                        "is_pack": false,
                        "pack_size": null,
                        "unit_name": null,
                        "unit_size": 0.7,
                        "bulk_price": "18.93",
                        "unit_price": "13.25",
                        "approx_size": false,
                        "size_format": "l",
                        "total_units": null,
                        "unit_selector": true,
                        "bunch_selector": false,
                        "drained_weight": null,
                        "price_decreased": false,
                        "reference_price": "18.93",
                        "min_bunch_amount": 0.0,
                        "reference_format": "L",
                        "increment_bunch_amount": 0.0
                    }
                },
                {
                    "id": "28814",
                    "limit": 1000,
                    "badges": {
                        "is_water": false,
                        "requires_age_check": true
                    },
                    "packaging": "Ampolla",
                    "thumbnail": "https://prod-mercadona.imgix.net/20190521/14/28814/vlc1/28814_00_02.jpg?fit=crop&h=206&w=206",
                    "display_name": "Tequila reposat Regio",
                    "bunch_selector": false,
                    "price_instructions": {
                        "iva": 21,
                        "is_new": false,
                        "is_pack": false,
                        "pack_size": null,
                        "unit_name": null,
                        "unit_size": 0.7,
                        "bulk_price": "12.14",
                        "unit_price": "8.50",
                        "approx_size": false,
                        "size_format": "l",
                        "total_units": null,
                        "unit_selector": true,
                        "bunch_selector": false,
                        "drained_weight": null,
                        "price_decreased": false,
                        "reference_price": "12.14",
                        "min_bunch_amount": 0.0,
                        "reference_format": "L",
                        "increment_bunch_amount": 0.0
                    }
                },
                {
                    "id": "28734",
                    "limit": 1000,
                    "badges": {
                        "is_water": false,
                        "requires_age_check": true
                    },
                    "packaging": "Ampolla",
                    "thumbnail": "https://prod-mercadona.imgix.net/20190521/34/28734/vlc1/28734_00_02.jpg?fit=crop&h=206&w=206",
                    "display_name": "Tequila blanc Regio",
                    "bunch_selector": false,
                    "price_instructions": {
                        "iva": 21,
                        "is_new": false,
                        "is_pack": false,
                        "pack_size": null,
                        "unit_name": null,
                        "unit_size": 0.7,
                        "bulk_price": "10.07",
                        "unit_price": "7.05",
                        "approx_size": false,
                        "size_format": "l",
                        "total_units": null,
                        "unit_selector": true,
                        "bunch_selector": false,
                        "drained_weight": null,
                        "price_decreased": false,
                        "reference_price": "10.07",
                        "min_bunch_amount": 0.0,
                        "reference_format": "L",
                        "increment_bunch_amount": 0.0
                    }
                },
                {
                    "id": "39710",
                    "limit": 1000,
                    "badges": {
                        "is_water": false,
                        "requires_age_check": true
                    },
                    "packaging": "Ampolla",
                    "thumbnail": "https://prod-mercadona.imgix.net/20190521/10/39710/vlc1/39710_00_02.jpg?fit=crop&h=206&w=206",
                    "display_name": "Concentrat de llima sense alcohol Dama De Baza",
                    "bunch_selector": false,
                    "price_instructions": {
                        "iva": 10,
                        "is_new": false,
                        "is_pack": false,
                        "pack_size": null,
                        "unit_name": null,
                        "unit_size": 1.0,
                        "bulk_price": "2.85",
                        "unit_price": "2.85",
                        "approx_size": false,
                        "size_format": "l",
                        "total_units": null,
                        "unit_selector": true,
                        "bunch_selector": false,
                        "drained_weight": null,
                        "price_decreased": false,
                        "reference_price": "2.85",
                        "min_bunch_amount": 1.0,
                        "reference_format": "L",
                        "increment_bunch_amount": 1.0
                    }
                },
                {
                    "id": "39712",
                    "limit": 1000,
                    "badges": {
                        "is_water": false,
                        "requires_age_check": true
                    },
                    "packaging": "Ampolla",
                    "thumbnail": "https://prod-mercadona.imgix.net/20190521/12/39712/vlc1/39712_00_02.jpg?fit=crop&h=206&w=206",
                    "display_name": "Concentrat de granadina sense alcohol Dama De Baza",
                    "bunch_selector": false,
                    "price_instructions": {
                        "iva": 10,
                        "is_new": false,
                        "is_pack": false,
                        "pack_size": null,
                        "unit_name": null,
                        "unit_size": 1.0,
                        "bulk_price": "2.85",
                        "unit_price": "2.85",
                        "approx_size": false,
                        "size_format": "l",
                        "total_units": null,
                        "unit_selector": true,
                        "bunch_selector": false,
                        "drained_weight": null,
                        "price_decreased": false,
                        "reference_price": "2.85",
                        "min_bunch_amount": 1.0,
                        "reference_format": "L",
                        "increment_bunch_amount": 1.0
                    }
                }
            ],
            "is_extended": false
        },
        {
            "id": 174,
            "name": "Sidra i cava",
            "layout": 1,
            "products": [
                {
                    "id": "28021",
                    "limit": 1000,
                    "badges": {
                        "is_water": false,
                        "requires_age_check": true
                    },
                    "packaging": "Ampolla",
                    "thumbnail": "https://prod-mercadona.imgix.net/20190521/21/28021/vlc1/28021_00_00.jpg?fit=crop&h=206&w=206",
                    "display_name": "Sidra asturiana El Mayu",
                    "bunch_selector": false,
                    "price_instructions": {
                        "iva": 21,
                        "is_new": false,
                        "is_pack": false,
                        "pack_size": null,
                        "unit_name": null,
                        "unit_size": 0.75,
                        "bulk_price": "1.27",
                        "unit_price": "0.95",
                        "approx_size": false,
                        "size_format": "l",
                        "total_units": null,
                        "unit_selector": true,
                        "bunch_selector": false,
                        "drained_weight": null,
                        "price_decreased": false,
                        "reference_price": "1.27",
                        "min_bunch_amount": 0.0,
                        "reference_format": "L",
                        "increment_bunch_amount": 0.0
                    }
                },
                {
                    "id": "28023",
                    "limit": 1000,
                    "badges": {
                        "is_water": false,
                        "requires_age_check": true
                    },
                    "packaging": "Paquet-6",
                    "thumbnail": "https://prod-mercadona.imgix.net/20190521/23/28023/vlc1/28023_00_01.jpg?fit=crop&h=206&w=206",
                    "display_name": "Sidra asturiana El Mayu",
                    "bunch_selector": false,
                    "price_instructions": {
                        "iva": 21,
                        "is_new": false,
                        "is_pack": true,
                        "pack_size": 0.25,
                        "unit_name": "ampolletes",
                        "unit_size": 1.5,
                        "bulk_price": "1.30",
                        "unit_price": "1.95",
                        "approx_size": false,
                        "size_format": "l",
                        "total_units": 6,
                        "unit_selector": true,
                        "bunch_selector": false,
                        "drained_weight": null,
                        "price_decreased": false,
                        "reference_price": "1.30",
                        "min_bunch_amount": 1.0,
                        "reference_format": "L",
                        "increment_bunch_amount": 1.0
                    }
                },
                {
                    "id": "28801",
                    "limit": 1000,
                    "badges": {
                        "is_water": false,
                        "requires_age_check": true
                    },
                    "packaging": "Ampolla",
                    "thumbnail": "https://prod-mercadona.imgix.net/20190521/01/28801/vlc1/28801_00_01.jpg?fit=crop&h=206&w=206",
                    "display_name": "Sidra extra El Gaitero",
                    "bunch_selector": false,
                    "price_instructions": {
                        "iva": 21,
                        "is_new": false,
                        "is_pack": false,
                        "pack_size": null,
                        "unit_name": null,
                        "unit_size": 0.75,
                        "bulk_price": "2.69",
                        "unit_price": "2.02",
                        "approx_size": false,
                        "size_format": "l",
                        "total_units": null,
                        "unit_selector": true,
                        "bunch_selector": false,
                        "drained_weight": null,
                        "price_decreased": false,
                        "reference_price": "2.69",
                        "min_bunch_amount": 1.0,
                        "reference_format": "L",
                        "increment_bunch_amount": 1.0
                    }
                },
                {
                    "id": "28898",
                    "limit": 1000,
                    "badges": {
                        "is_water": false,
                        "requires_age_check": true
                    },
                    "packaging": "Ampolla",
                    "thumbnail": "https://prod-mercadona.imgix.net/20190521/98/28898/vlc1/28898_00_00.jpg?fit=crop&h=206&w=206",
                    "display_name": "Sidra natural Polían",
                    "bunch_selector": false,
                    "price_instructions": {
                        "iva": 21,
                        "is_new": false,
                        "is_pack": false,
                        "pack_size": null,
                        "unit_name": null,
                        "unit_size": 0.7,
                        "bulk_price": "2.14",
                        "unit_price": "1.50",
                        "approx_size": false,
                        "size_format": "l",
                        "total_units": null,
                        "unit_selector": true,
                        "bunch_selector": false,
                        "drained_weight": null,
                        "price_decreased": false,
                        "reference_price": "2.14",
                        "min_bunch_amount": 0.0,
                        "reference_format": "L",
                        "increment_bunch_amount": 0.0
                    }
                },
                {
                    "id": "28800",
                    "limit": 1000,
                    "badges": {
                        "is_water": false,
                        "requires_age_check": true
                    },
                    "packaging": "Ampolla",
                    "thumbnail": "https://prod-mercadona.imgix.net/20190521/00/28800/vlc1/28800_00_02.jpg?fit=crop&h=206&w=206",
                    "display_name": "Sidra El Gaitero",
                    "bunch_selector": false,
                    "price_instructions": {
                        "iva": 21,
                        "is_new": false,
                        "is_pack": false,
                        "pack_size": null,
                        "unit_name": null,
                        "unit_size": 0.7,
                        "bulk_price": "2.14",
                        "unit_price": "1.50",
                        "approx_size": false,
                        "size_format": "l",
                        "total_units": null,
                        "unit_selector": true,
                        "bunch_selector": false,
                        "drained_weight": null,
                        "price_decreased": false,
                        "reference_price": "2.14",
                        "min_bunch_amount": 0.0,
                        "reference_format": "L",
                        "increment_bunch_amount": 0.0
                    }
                },
                {
                    "id": "28999",
                    "limit": 1000,
                    "badges": {
                        "is_water": false,
                        "requires_age_check": true
                    },
                    "packaging": "Ampolla",
                    "thumbnail": "https://prod-mercadona.imgix.net/20190521/99/28999/vlc1/28999_00_00.jpg?fit=crop&h=206&w=206",
                    "display_name": "Sidra sense alcohol El Lagar",
                    "bunch_selector": false,
                    "price_instructions": {
                        "iva": 21,
                        "is_new": false,
                        "is_pack": false,
                        "pack_size": null,
                        "unit_name": null,
                        "unit_size": 0.75,
                        "bulk_price": "1.60",
                        "unit_price": "1.20",
                        "approx_size": false,
                        "size_format": "l",
                        "total_units": null,
                        "unit_selector": true,
                        "bunch_selector": false,
                        "drained_weight": null,
                        "price_decreased": false,
                        "reference_price": "1.60",
                        "min_bunch_amount": 0.0,
                        "reference_format": "L",
                        "increment_bunch_amount": 0.0
                    }
                },
                {
                    "id": "28939",
                    "limit": 1000,
                    "badges": {
                        "is_water": false,
                        "requires_age_check": true
                    },
                    "packaging": "Ampolla",
                    "thumbnail": "https://prod-mercadona.imgix.net/20190521/39/28939/vlc1/28939_00_00.jpg?fit=crop&h=206&w=206",
                    "display_name": "Cava semisec Cabré & Sabaté",
                    "bunch_selector": false,
                    "price_instructions": {
                        "iva": 21,
                        "is_new": false,
                        "is_pack": false,
                        "pack_size": null,
                        "unit_name": null,
                        "unit_size": 0.75,
                        "bulk_price": "2.60",
                        "unit_price": "1.95",
                        "approx_size": false,
                        "size_format": "l",
                        "total_units": null,
                        "unit_selector": true,
                        "bunch_selector": false,
                        "drained_weight": null,
                        "price_decreased": false,
                        "reference_price": "2.60",
                        "min_bunch_amount": 0.0,
                        "reference_format": "L",
                        "increment_bunch_amount": 0.0
                    }
                },
                {
                    "id": "39702",
                    "limit": 1000,
                    "badges": {
                        "is_water": false,
                        "requires_age_check": false
                    },
                    "packaging": "Ampolla",
                    "thumbnail": "https://prod-mercadona.imgix.net/20190521/02/39702/vlc1/39702_00_02.jpg?fit=crop&h=206&w=206",
                    "display_name": "Beguda suc de fruites amb gas Magic",
                    "bunch_selector": false,
                    "price_instructions": {
                        "iva": 10,
                        "is_new": false,
                        "is_pack": false,
                        "pack_size": null,
                        "unit_name": null,
                        "unit_size": 0.75,
                        "bulk_price": "2.07",
                        "unit_price": "1.55",
                        "approx_size": false,
                        "size_format": "l",
                        "total_units": null,
                        "unit_selector": true,
                        "bunch_selector": false,
                        "drained_weight": null,
                        "price_decreased": false,
                        "reference_price": "2.07",
                        "min_bunch_amount": 1.0,
                        "reference_format": "L",
                        "increment_bunch_amount": 1.0
                    }
                },
                {
                    "id": "28929",
                    "limit": 1000,
                    "badges": {
                        "is_water": false,
                        "requires_age_check": true
                    },
                    "packaging": "Benjamí",
                    "thumbnail": "https://prod-mercadona.imgix.net/20190521/29/28929/vlc1/28929_00_00.jpg?fit=crop&h=206&w=206",
                    "display_name": "Cava semisec Cabré & Sabaté",
                    "bunch_selector": false,
                    "price_instructions": {
                        "iva": 21,
                        "is_new": false,
                        "is_pack": false,
                        "pack_size": null,
                        "unit_name": null,
                        "unit_size": 0.375,
                        "bulk_price": "4.21",
                        "unit_price": "1.58",
                        "approx_size": false,
                        "size_format": "l",
                        "total_units": null,
                        "unit_selector": true,
                        "bunch_selector": false,
                        "drained_weight": null,
                        "price_decreased": false,
                        "reference_price": "4.21",
                        "min_bunch_amount": 1.0,
                        "reference_format": "L",
                        "increment_bunch_amount": 1.0
                    }
                },
                {
                    "id": "28918",
                    "limit": 1000,
                    "badges": {
                        "is_water": false,
                        "requires_age_check": true
                    },
                    "packaging": "Paquet-4",
                    "thumbnail": "https://prod-mercadona.imgix.net/20190521/18/28918/vlc1/28918_00_01.jpg?fit=crop&h=206&w=206",
                    "display_name": "Cava semisec Cabré & Sabaté",
                    "bunch_selector": false,
                    "price_instructions": {
                        "iva": 21,
                        "is_new": false,
                        "is_pack": true,
                        "pack_size": 0.2,
                        "unit_name": "benjamins",
                        "unit_size": 0.8,
                        "bulk_price": "5.44",
                        "unit_price": "4.35",
                        "approx_size": false,
                        "size_format": "l",
                        "total_units": 4,
                        "unit_selector": true,
                        "bunch_selector": false,
                        "drained_weight": null,
                        "price_decreased": false,
                        "reference_price": "5.44",
                        "min_bunch_amount": 1.0,
                        "reference_format": "L",
                        "increment_bunch_amount": 1.0
                    }
                },
                {
                    "id": "28006",
                    "limit": 1000,
                    "badges": {
                        "is_water": false,
                        "requires_age_check": true
                    },
                    "packaging": "Ampolla",
                    "thumbnail": "https://prod-mercadona.imgix.net/20190521/06/28006/vlc1/28006_00_00.jpg?fit=crop&h=206&w=206",
                    "display_name": "Cava semisec Freixenet",
                    "bunch_selector": false,
                    "price_instructions": {
                        "iva": 21,
                        "is_new": false,
                        "is_pack": false,
                        "pack_size": null,
                        "unit_name": null,
                        "unit_size": 0.75,
                        "bulk_price": "7.07",
                        "unit_price": "5.30",
                        "approx_size": false,
                        "size_format": "l",
                        "total_units": null,
                        "unit_selector": true,
                        "bunch_selector": false,
                        "drained_weight": null,
                        "price_decreased": false,
                        "reference_price": "7.07",
                        "min_bunch_amount": 1.0,
                        "reference_format": "L",
                        "increment_bunch_amount": 1.0
                    }
                },
                {
                    "id": "28949",
                    "limit": 1000,
                    "badges": {
                        "is_water": false,
                        "requires_age_check": true
                    },
                    "packaging": "Ampolla",
                    "thumbnail": "https://prod-mercadona.imgix.net/20190521/49/28949/vlc1/28949_00_00.jpg?fit=crop&h=206&w=206",
                    "display_name": "Cava brut Señorío De Requena",
                    "bunch_selector": false,
                    "price_instructions": {
                        "iva": 21,
                        "is_new": false,
                        "is_pack": false,
                        "pack_size": null,
                        "unit_name": null,
                        "unit_size": 0.75,
                        "bulk_price": "3.33",
                        "unit_price": "2.50",
                        "approx_size": false,
                        "size_format": "l",
                        "total_units": null,
                        "unit_selector": true,
                        "bunch_selector": false,
                        "drained_weight": null,
                        "price_decreased": false,
                        "reference_price": "3.33",
                        "min_bunch_amount": 0.0,
                        "reference_format": "L",
                        "increment_bunch_amount": 0.0
                    }
                },
                {
                    "id": "28921",
                    "limit": 1000,
                    "badges": {
                        "is_water": false,
                        "requires_age_check": true
                    },
                    "packaging": "Ampolla",
                    "thumbnail": "https://prod-mercadona.imgix.net/20190521/21/28921/vlc1/28921_00_00.jpg?fit=crop&h=206&w=206",
                    "display_name": "Cava brut Cabré & Sabaté",
                    "bunch_selector": false,
                    "price_instructions": {
                        "iva": 21,
                        "is_new": false,
                        "is_pack": false,
                        "pack_size": null,
                        "unit_name": null,
                        "unit_size": 0.75,
                        "bulk_price": "2.60",
                        "unit_price": "1.95",
                        "approx_size": false,
                        "size_format": "l",
                        "total_units": null,
                        "unit_selector": true,
                        "bunch_selector": false,
                        "drained_weight": null,
                        "price_decreased": false,
                        "reference_price": "2.60",
                        "min_bunch_amount": 0.0,
                        "reference_format": "L",
                        "increment_bunch_amount": 0.0
                    }
                },
                {
                    "id": "28915",
                    "limit": 1000,
                    "badges": {
                        "is_water": false,
                        "requires_age_check": true
                    },
                    "packaging": "Benjamí",
                    "thumbnail": "https://prod-mercadona.imgix.net/20190521/15/28915/vlc1/28915_00_00.jpg?fit=crop&h=206&w=206",
                    "display_name": "Cava brut Cabré & Sabaté",
                    "bunch_selector": false,
                    "price_instructions": {
                        "iva": 21,
                        "is_new": false,
                        "is_pack": false,
                        "pack_size": null,
                        "unit_name": null,
                        "unit_size": 0.375,
                        "bulk_price": "4.21",
                        "unit_price": "1.58",
                        "approx_size": false,
                        "size_format": "l",
                        "total_units": null,
                        "unit_selector": true,
                        "bunch_selector": false,
                        "drained_weight": null,
                        "price_decreased": false,
                        "reference_price": "4.21",
                        "min_bunch_amount": 1.0,
                        "reference_format": "L",
                        "increment_bunch_amount": 1.0
                    }
                },
                {
                    "id": "28908",
                    "limit": 1000,
                    "badges": {
                        "is_water": false,
                        "requires_age_check": true
                    },
                    "packaging": "Ampolla",
                    "thumbnail": "https://prod-mercadona.imgix.net/20190521/08/28908/vlc1/28908_00_00.jpg?fit=crop&h=206&w=206",
                    "display_name": "Cava brut nature Jaume Serra",
                    "bunch_selector": false,
                    "price_instructions": {
                        "iva": 21,
                        "is_new": false,
                        "is_pack": false,
                        "pack_size": null,
                        "unit_name": null,
                        "unit_size": 0.75,
                        "bulk_price": "4.33",
                        "unit_price": "3.25",
                        "approx_size": false,
                        "size_format": "l",
                        "total_units": null,
                        "unit_selector": true,
                        "bunch_selector": false,
                        "drained_weight": null,
                        "price_decreased": false,
                        "reference_price": "4.33",
                        "min_bunch_amount": 0.0,
                        "reference_format": "L",
                        "increment_bunch_amount": 0.0
                    }
                },
                {
                    "id": "28969",
                    "limit": 1000,
                    "badges": {
                        "is_water": false,
                        "requires_age_check": true
                    },
                    "packaging": "Ampolla",
                    "thumbnail": "https://prod-mercadona.imgix.net/20190521/69/28969/vlc1/28969_00_00.jpg?fit=crop&h=206&w=206",
                    "display_name": "Cava brut Anna Codorníu",
                    "bunch_selector": false,
                    "price_instructions": {
                        "iva": 21,
                        "is_new": false,
                        "is_pack": false,
                        "pack_size": null,
                        "unit_name": null,
                        "unit_size": 0.75,
                        "bulk_price": "11.93",
                        "unit_price": "8.95",
                        "approx_size": false,
                        "size_format": "l",
                        "total_units": null,
                        "unit_selector": true,
                        "bunch_selector": false,
                        "drained_weight": null,
                        "price_decreased": false,
                        "reference_price": "11.93",
                        "min_bunch_amount": 1.0,
                        "reference_format": "L",
                        "increment_bunch_amount": 1.0
                    }
                },
                {
                    "id": "28005",
                    "limit": 1000,
                    "badges": {
                        "is_water": false,
                        "requires_age_check": true
                    },
                    "packaging": "Ampolla",
                    "thumbnail": "https://prod-mercadona.imgix.net/20190521/05/28005/vlc1/28005_00_00.jpg?fit=crop&h=206&w=206",
                    "display_name": "Cava brut Freixenet",
                    "bunch_selector": false,
                    "price_instructions": {
                        "iva": 21,
                        "is_new": false,
                        "is_pack": false,
                        "pack_size": null,
                        "unit_name": null,
                        "unit_size": 0.75,
                        "bulk_price": "7.07",
                        "unit_price": "5.30",
                        "approx_size": false,
                        "size_format": "l",
                        "total_units": null,
                        "unit_selector": true,
                        "bunch_selector": false,
                        "drained_weight": null,
                        "price_decreased": false,
                        "reference_price": "7.07",
                        "min_bunch_amount": 1.0,
                        "reference_format": "L",
                        "increment_bunch_amount": 1.0
                    }
                },
                {
                    "id": "28938",
                    "limit": 1000,
                    "badges": {
                        "is_water": false,
                        "requires_age_check": true
                    },
                    "packaging": "Ampolla",
                    "thumbnail": "https://prod-mercadona.imgix.net/20190521/38/28938/vlc1/28938_00_02.jpg?fit=crop&h=206&w=206",
                    "display_name": "Cava brut nature vintage Cabré & Sabaté",
                    "bunch_selector": false,
                    "price_instructions": {
                        "iva": 21,
                        "is_new": false,
                        "is_pack": false,
                        "pack_size": null,
                        "unit_name": null,
                        "unit_size": 0.75,
                        "bulk_price": "5.00",
                        "unit_price": "3.75",
                        "approx_size": false,
                        "size_format": "l",
                        "total_units": null,
                        "unit_selector": true,
                        "bunch_selector": false,
                        "drained_weight": null,
                        "price_decreased": false,
                        "reference_price": "5.00",
                        "min_bunch_amount": 1.0,
                        "reference_format": "L",
                        "increment_bunch_amount": 1.0
                    }
                },
                {
                    "id": "28945",
                    "limit": 1000,
                    "badges": {
                        "is_water": false,
                        "requires_age_check": true
                    },
                    "packaging": "Ampolla",
                    "thumbnail": "https://prod-mercadona.imgix.net/20190521/45/28945/vlc1/28945_00_02.jpg?fit=crop&h=206&w=206",
                    "display_name": "Cava brut rosat Cabré & Sabaté",
                    "bunch_selector": false,
                    "price_instructions": {
                        "iva": 21,
                        "is_new": false,
                        "is_pack": false,
                        "pack_size": null,
                        "unit_name": null,
                        "unit_size": 0.75,
                        "bulk_price": "3.05",
                        "unit_price": "2.29",
                        "approx_size": false,
                        "size_format": "l",
                        "total_units": null,
                        "unit_selector": true,
                        "bunch_selector": false,
                        "drained_weight": null,
                        "price_decreased": false,
                        "reference_price": "3.05",
                        "min_bunch_amount": 1.0,
                        "reference_format": "L",
                        "increment_bunch_amount": 1.0
                    }
                },
                {
                    "id": "28909",
                    "limit": 1000,
                    "badges": {
                        "is_water": false,
                        "requires_age_check": true
                    },
                    "packaging": "Ampolla",
                    "thumbnail": "https://prod-mercadona.imgix.net/20190521/09/28909/vlc1/28909_00_00.jpg?fit=crop&h=206&w=206",
                    "display_name": "Cava brut nature Bach Extrísimo",
                    "bunch_selector": false,
                    "price_instructions": {
                        "iva": 21,
                        "is_new": false,
                        "is_pack": false,
                        "pack_size": null,
                        "unit_name": null,
                        "unit_size": 0.75,
                        "bulk_price": "5.60",
                        "unit_price": "4.20",
                        "approx_size": false,
                        "size_format": "l",
                        "total_units": null,
                        "unit_selector": true,
                        "bunch_selector": false,
                        "drained_weight": null,
                        "price_decreased": false,
                        "reference_price": "5.60",
                        "min_bunch_amount": 0.0,
                        "reference_format": "L",
                        "increment_bunch_amount": 0.0
                    }
                },
                {
                    "id": "28947",
                    "limit": 1000,
                    "badges": {
                        "is_water": false,
                        "requires_age_check": true
                    },
                    "packaging": "Ampolla",
                    "thumbnail": "https://prod-mercadona.imgix.net/20190521/47/28947/vlc1/28947_00_02.jpg?fit=crop&h=206&w=206",
                    "display_name": "Cava brut Cabré & Sabaté Chardonnay",
                    "bunch_selector": false,
                    "price_instructions": {
                        "iva": 21,
                        "is_new": false,
                        "is_pack": false,
                        "pack_size": null,
                        "unit_name": null,
                        "unit_size": 0.75,
                        "bulk_price": "5.00",
                        "unit_price": "3.75",
                        "approx_size": false,
                        "size_format": "l",
                        "total_units": null,
                        "unit_selector": true,
                        "bunch_selector": false,
                        "drained_weight": null,
                        "price_decreased": false,
                        "reference_price": "5.00",
                        "min_bunch_amount": 1.0,
                        "reference_format": "L",
                        "increment_bunch_amount": 1.0
                    }
                },
                {
                    "id": "28920",
                    "limit": 1000,
                    "badges": {
                        "is_water": false,
                        "requires_age_check": true
                    },
                    "packaging": "Paquet-4",
                    "thumbnail": "https://prod-mercadona.imgix.net/20190521/20/28920/vlc1/28920_00_01.jpg?fit=crop&h=206&w=206",
                    "display_name": "Cava brut Cabré & Sabaté",
                    "bunch_selector": false,
                    "price_instructions": {
                        "iva": 21,
                        "is_new": false,
                        "is_pack": true,
                        "pack_size": 0.2,
                        "unit_name": "benjamins",
                        "unit_size": 0.8,
                        "bulk_price": "5.44",
                        "unit_price": "4.35",
                        "approx_size": false,
                        "size_format": "l",
                        "total_units": 4,
                        "unit_selector": true,
                        "bunch_selector": false,
                        "drained_weight": null,
                        "price_decreased": false,
                        "reference_price": "5.44",
                        "min_bunch_amount": 1.0,
                        "reference_format": "L",
                        "increment_bunch_amount": 1.0
                    }
                },
                {
                    "id": "28934",
                    "limit": 1000,
                    "badges": {
                        "is_water": false,
                        "requires_age_check": true
                    },
                    "packaging": "Ampolla",
                    "thumbnail": "https://prod-mercadona.imgix.net/20190521/34/28934/vlc1/28934_00_02.jpg?fit=crop&h=206&w=206",
                    "display_name": "Cava brut nature Juvé & Camps",
                    "bunch_selector": false,
                    "price_instructions": {
                        "iva": 21,
                        "is_new": false,
                        "is_pack": false,
                        "pack_size": null,
                        "unit_name": null,
                        "unit_size": 0.75,
                        "bulk_price": "22.60",
                        "unit_price": "16.95",
                        "approx_size": false,
                        "size_format": "l",
                        "total_units": null,
                        "unit_selector": true,
                        "bunch_selector": false,
                        "drained_weight": null,
                        "price_decreased": false,
                        "reference_price": "22.60",
                        "min_bunch_amount": 1.0,
                        "reference_format": "L",
                        "increment_bunch_amount": 1.0
                    }
                },
                {
                    "id": "28951",
                    "limit": 1000,
                    "badges": {
                        "is_water": false,
                        "requires_age_check": true
                    },
                    "packaging": "Ampolla",
                    "thumbnail": "https://prod-mercadona.imgix.net/20190521/51/28951/vlc1/28951_00_00.jpg?fit=crop&h=206&w=206",
                    "display_name": "Cava semisec Señorío De Requena",
                    "bunch_selector": false,
                    "price_instructions": {
                        "iva": 21,
                        "is_new": false,
                        "is_pack": false,
                        "pack_size": null,
                        "unit_name": null,
                        "unit_size": 0.75,
                        "bulk_price": "3.33",
                        "unit_price": "2.50",
                        "approx_size": false,
                        "size_format": "l",
                        "total_units": null,
                        "unit_selector": true,
                        "bunch_selector": false,
                        "drained_weight": null,
                        "price_decreased": false,
                        "reference_price": "3.33",
                        "min_bunch_amount": 0.0,
                        "reference_format": "L",
                        "increment_bunch_amount": 0.0
                    }
                }
            ],
            "is_extended": false
        },
        {
            "id": 168,
            "name": "Vi negre d'estiu i sangria",
            "layout": 1,
            "products": [
                {
                    "id": "66742",
                    "limit": 1000,
                    "badges": {
                        "is_water": false,
                        "requires_age_check": true
                    },
                    "packaging": "Paquet-6",
                    "thumbnail": "https://prod-mercadona.imgix.net/20190521/42/66742/vlc1/66742_00_01.jpg?fit=crop&h=206&w=206",
                    "display_name": "Tinto de verano zero llimona Casón Histórico",
                    "bunch_selector": false,
                    "price_instructions": {
                        "iva": 10,
                        "is_new": false,
                        "is_pack": true,
                        "pack_size": 0.33,
                        "unit_name": "llaunes",
                        "unit_size": 1.98,
                        "bulk_price": "1.33",
                        "unit_price": "2.64",
                        "approx_size": false,
                        "size_format": "l",
                        "total_units": 6,
                        "unit_selector": true,
                        "bunch_selector": false,
                        "drained_weight": null,
                        "price_decreased": false,
                        "reference_price": "1.33",
                        "min_bunch_amount": 1.0,
                        "reference_format": "L",
                        "increment_bunch_amount": 1.0
                    }
                },
                {
                    "id": "66746",
                    "limit": 1000,
                    "badges": {
                        "is_water": false,
                        "requires_age_check": true
                    },
                    "packaging": "Ampolla",
                    "thumbnail": "https://prod-mercadona.imgix.net/20190521/46/66746/vlc1/66746_00_02.jpg?fit=crop&h=206&w=206",
                    "display_name": "Tinto de verano sense alcohol llimona Don Simón",
                    "bunch_selector": false,
                    "price_instructions": {
                        "iva": 10,
                        "is_new": false,
                        "is_pack": false,
                        "pack_size": null,
                        "unit_name": null,
                        "unit_size": 1.5,
                        "bulk_price": "0.67",
                        "unit_price": "1.00",
                        "approx_size": false,
                        "size_format": "l",
                        "total_units": null,
                        "unit_selector": true,
                        "bunch_selector": false,
                        "drained_weight": null,
                        "price_decreased": false,
                        "reference_price": "0.67",
                        "min_bunch_amount": 1.0,
                        "reference_format": "L",
                        "increment_bunch_amount": 1.0
                    }
                },
                {
                    "id": "66740",
                    "limit": 1000,
                    "badges": {
                        "is_water": false,
                        "requires_age_check": true
                    },
                    "packaging": "Ampolla",
                    "thumbnail": "https://prod-mercadona.imgix.net/20190521/40/66740/vlc1/66740_02_02.jpg?fit=crop&h=206&w=206",
                    "display_name": "Tinto de verano zero llimona Casón Histórico",
                    "bunch_selector": false,
                    "price_instructions": {
                        "iva": 10,
                        "is_new": false,
                        "is_pack": false,
                        "pack_size": null,
                        "unit_name": null,
                        "unit_size": 2.0,
                        "bulk_price": "0.50",
                        "unit_price": "1.00",
                        "approx_size": false,
                        "size_format": "l",
                        "total_units": null,
                        "unit_selector": true,
                        "bunch_selector": false,
                        "drained_weight": null,
                        "price_decreased": false,
                        "reference_price": "0.50",
                        "min_bunch_amount": 1.0,
                        "reference_format": "L",
                        "increment_bunch_amount": 1.0
                    }
                },
                {
                    "id": "66702",
                    "limit": 1000,
                    "badges": {
                        "is_water": false,
                        "requires_age_check": true
                    },
                    "packaging": "Ampolla",
                    "thumbnail": "https://prod-mercadona.imgix.net/20190521/02/66702/vlc1/66702_00_02.jpg?fit=crop&h=206&w=206",
                    "display_name": "Tinto de verano llimona Sandevid",
                    "bunch_selector": false,
                    "price_instructions": {
                        "iva": 21,
                        "is_new": false,
                        "is_pack": false,
                        "pack_size": null,
                        "unit_name": null,
                        "unit_size": 1.5,
                        "bulk_price": "1.03",
                        "unit_price": "1.55",
                        "approx_size": false,
                        "size_format": "l",
                        "total_units": null,
                        "unit_selector": true,
                        "bunch_selector": false,
                        "drained_weight": null,
                        "price_decreased": false,
                        "reference_price": "1.03",
                        "min_bunch_amount": 1.0,
                        "reference_format": "L",
                        "increment_bunch_amount": 1.0
                    }
                },
                {
                    "id": "66734",
                    "limit": 1000,
                    "badges": {
                        "is_water": false,
                        "requires_age_check": true
                    },
                    "packaging": "Ampolla",
                    "thumbnail": "https://prod-mercadona.imgix.net/20190521/34/66734/vlc1/66734_00_02.jpg?fit=crop&h=206&w=206",
                    "display_name": "Tinto de verano gust llimona Casón Histórico",
                    "bunch_selector": false,
                    "price_instructions": {
                        "iva": 21,
                        "is_new": false,
                        "is_pack": false,
                        "pack_size": null,
                        "unit_name": null,
                        "unit_size": 2.0,
                        "bulk_price": "0.59",
                        "unit_price": "1.18",
                        "approx_size": false,
                        "size_format": "l",
                        "total_units": null,
                        "unit_selector": true,
                        "bunch_selector": false,
                        "drained_weight": null,
                        "price_decreased": false,
                        "reference_price": "0.59",
                        "min_bunch_amount": 0.0,
                        "reference_format": "L",
                        "increment_bunch_amount": 0.0
                    }
                },
                {
                    "id": "66739",
                    "limit": 1000,
                    "badges": {
                        "is_water": false,
                        "requires_age_check": true
                    },
                    "packaging": "Paquet-6",
                    "thumbnail": "https://prod-mercadona.imgix.net/20190521/39/66739/vlc1/66739_00_01.jpg?fit=crop&h=206&w=206",
                    "display_name": "Tinto de verano gust llimona Casón Histórico",
                    "bunch_selector": false,
                    "price_instructions": {
                        "iva": 21,
                        "is_new": false,
                        "is_pack": true,
                        "pack_size": 0.33,
                        "unit_name": "llaunes",
                        "unit_size": 1.98,
                        "bulk_price": "1.33",
                        "unit_price": "2.64",
                        "approx_size": false,
                        "size_format": "l",
                        "total_units": 6,
                        "unit_selector": true,
                        "bunch_selector": false,
                        "drained_weight": null,
                        "price_decreased": false,
                        "reference_price": "1.33",
                        "min_bunch_amount": 1.0,
                        "reference_format": "L",
                        "increment_bunch_amount": 1.0
                    }
                },
                {
                    "id": "66703",
                    "limit": 1000,
                    "badges": {
                        "is_water": false,
                        "requires_age_check": true
                    },
                    "packaging": "Ampolla",
                    "thumbnail": "https://prod-mercadona.imgix.net/20190521/03/66703/vlc1/66703_00_02.jpg?fit=crop&h=206&w=206",
                    "display_name": "Tinto de verano clàssic Sandevid",
                    "bunch_selector": false,
                    "price_instructions": {
                        "iva": 21,
                        "is_new": false,
                        "is_pack": false,
                        "pack_size": null,
                        "unit_name": null,
                        "unit_size": 1.5,
                        "bulk_price": "1.03",
                        "unit_price": "1.55",
                        "approx_size": false,
                        "size_format": "l",
                        "total_units": null,
                        "unit_selector": true,
                        "bunch_selector": false,
                        "drained_weight": null,
                        "price_decreased": false,
                        "reference_price": "1.03",
                        "min_bunch_amount": 0.0,
                        "reference_format": "L",
                        "increment_bunch_amount": 0.0
                    }
                },
                {
                    "id": "66944",
                    "limit": 1000,
                    "badges": {
                        "is_water": false,
                        "requires_age_check": true
                    },
                    "packaging": "Ampolla",
                    "thumbnail": "https://prod-mercadona.imgix.net/20190521/44/66944/vlc1/66944_00_02.jpg?fit=crop&h=206&w=206",
                    "display_name": "Sangria Don Simón",
                    "bunch_selector": false,
                    "price_instructions": {
                        "iva": 21,
                        "is_new": false,
                        "is_pack": false,
                        "pack_size": null,
                        "unit_name": null,
                        "unit_size": 1.5,
                        "bulk_price": "1.27",
                        "unit_price": "1.90",
                        "approx_size": false,
                        "size_format": "l",
                        "total_units": null,
                        "unit_selector": true,
                        "bunch_selector": false,
                        "drained_weight": null,
                        "price_decreased": false,
                        "reference_price": "1.27",
                        "min_bunch_amount": 1.0,
                        "reference_format": "L",
                        "increment_bunch_amount": 1.0
                    }
                },
                {
                    "id": "66747",
                    "limit": 1000,
                    "badges": {
                        "is_water": false,
                        "requires_age_check": true
                    },
                    "packaging": "Ampolla",
                    "thumbnail": "https://prod-mercadona.imgix.net/20190521/47/66747/vlc1/66747_00_02.jpg?fit=crop&h=206&w=206",
                    "display_name": "Tinto de verano llimona Don Simón",
                    "bunch_selector": false,
                    "price_instructions": {
                        "iva": 21,
                        "is_new": false,
                        "is_pack": false,
                        "pack_size": null,
                        "unit_name": null,
                        "unit_size": 1.5,
                        "bulk_price": "0.90",
                        "unit_price": "1.35",
                        "approx_size": false,
                        "size_format": "l",
                        "total_units": null,
                        "unit_selector": true,
                        "bunch_selector": false,
                        "drained_weight": null,
                        "price_decreased": false,
                        "reference_price": "0.90",
                        "min_bunch_amount": 1.0,
                        "reference_format": "L",
                        "increment_bunch_amount": 1.0
                    }
                },
                {
                    "id": "66748",
                    "limit": 1000,
                    "badges": {
                        "is_water": false,
                        "requires_age_check": true
                    },
                    "packaging": "Ampolla",
                    "thumbnail": "https://prod-mercadona.imgix.net/20190521/48/66748/vlc1/66748_00_02.jpg?fit=crop&h=206&w=206",
                    "display_name": "Tinto de verano clàssic Don Simón",
                    "bunch_selector": false,
                    "price_instructions": {
                        "iva": 21,
                        "is_new": false,
                        "is_pack": false,
                        "pack_size": null,
                        "unit_name": null,
                        "unit_size": 1.5,
                        "bulk_price": "0.90",
                        "unit_price": "1.35",
                        "approx_size": false,
                        "size_format": "l",
                        "total_units": null,
                        "unit_selector": true,
                        "bunch_selector": false,
                        "drained_weight": null,
                        "price_decreased": false,
                        "reference_price": "0.90",
                        "min_bunch_amount": 1.0,
                        "reference_format": "L",
                        "increment_bunch_amount": 1.0
                    }
                },
                {
                    "id": "66922",
                    "limit": 1000,
                    "badges": {
                        "is_water": false,
                        "requires_age_check": true
                    },
                    "packaging": "Ampolla",
                    "thumbnail": "https://prod-mercadona.imgix.net/20190521/22/66922/vlc1/66922_00_02.jpg?fit=crop&h=206&w=206",
                    "display_name": "Sangria Casón Histórico",
                    "bunch_selector": false,
                    "price_instructions": {
                        "iva": 21,
                        "is_new": false,
                        "is_pack": false,
                        "pack_size": null,
                        "unit_name": null,
                        "unit_size": 1.5,
                        "bulk_price": "0.87",
                        "unit_price": "1.30",
                        "approx_size": false,
                        "size_format": "l",
                        "total_units": null,
                        "unit_selector": true,
                        "bunch_selector": false,
                        "drained_weight": null,
                        "price_decreased": false,
                        "reference_price": "0.87",
                        "min_bunch_amount": 0.0,
                        "reference_format": "L",
                        "increment_bunch_amount": 0.0
                    }
                },
                {
                    "id": "66843",
                    "limit": 1000,
                    "badges": {
                        "is_water": false,
                        "requires_age_check": true
                    },
                    "packaging": "Ampolla",
                    "thumbnail": "https://prod-mercadona.imgix.net/20190521/43/66843/vlc1/66843_00_02.jpg?fit=crop&h=206&w=206",
                    "display_name": "Tinto de verano clàssic Casón Histórico",
                    "bunch_selector": false,
                    "price_instructions": {
                        "iva": 21,
                        "is_new": false,
                        "is_pack": false,
                        "pack_size": null,
                        "unit_name": null,
                        "unit_size": 2.0,
                        "bulk_price": "0.59",
                        "unit_price": "1.18",
                        "approx_size": false,
                        "size_format": "l",
                        "total_units": null,
                        "unit_selector": true,
                        "bunch_selector": false,
                        "drained_weight": null,
                        "price_decreased": false,
                        "reference_price": "0.59",
                        "min_bunch_amount": 1.0,
                        "reference_format": "L",
                        "increment_bunch_amount": 1.0
                    }
                },
                {
                    "id": "66738",
                    "limit": 1000,
                    "badges": {
                        "is_water": false,
                        "requires_age_check": true
                    },
                    "packaging": "Llauna",
                    "thumbnail": "https://prod-mercadona.imgix.net/20190521/38/66738/vlc1/66738_00_02.jpg?fit=crop&h=206&w=206",
                    "display_name": "Tinto de verano gust llimona Casón Histórico",
                    "bunch_selector": false,
                    "price_instructions": {
                        "iva": 21,
                        "is_new": false,
                        "is_pack": false,
                        "pack_size": null,
                        "unit_name": null,
                        "unit_size": 0.33,
                        "bulk_price": "1.33",
                        "unit_price": "0.44",
                        "approx_size": false,
                        "size_format": "l",
                        "total_units": null,
                        "unit_selector": true,
                        "bunch_selector": false,
                        "drained_weight": null,
                        "price_decreased": false,
                        "reference_price": "1.33",
                        "min_bunch_amount": 1.0,
                        "reference_format": "L",
                        "increment_bunch_amount": 1.0
                    }
                },
                {
                    "id": "66741",
                    "limit": 1000,
                    "badges": {
                        "is_water": false,
                        "requires_age_check": true
                    },
                    "packaging": "Llauna",
                    "thumbnail": "https://prod-mercadona.imgix.net/20190521/41/66741/vlc1/66741_00_02.jpg?fit=crop&h=206&w=206",
                    "display_name": "Tinto de verano zero llimona Casón Histórico 0 % alcohol 0 % sucres",
                    "bunch_selector": false,
                    "price_instructions": {
                        "iva": 10,
                        "is_new": false,
                        "is_pack": false,
                        "pack_size": 0.0,
                        "unit_name": null,
                        "unit_size": 0.33,
                        "bulk_price": "1.33",
                        "unit_price": "0.44",
                        "approx_size": false,
                        "size_format": "l",
                        "total_units": null,
                        "unit_selector": true,
                        "bunch_selector": false,
                        "drained_weight": null,
                        "price_decreased": false,
                        "reference_price": "1.33",
                        "min_bunch_amount": 1.0,
                        "reference_format": "L",
                        "increment_bunch_amount": 1.0
                    }
                }
            ],
            "is_extended": false
        },
        {
            "id": 170,
            "name": "Vi blanc",
            "layout": 1,
            "products": [
                {
                    "id": "39412",
                    "limit": 1000,
                    "badges": {
                        "is_water": false,
                        "requires_age_check": true
                    },
                    "packaging": "Ampolla",
                    "thumbnail": "https://prod-mercadona.imgix.net/20190521/12/39412/vlc1/39412_00_02.jpg?fit=crop&h=206&w=206",
                    "display_name": "Beguda refrescant aromatitzada sense alcohol light Yemavin",
                    "bunch_selector": false,
                    "price_instructions": {
                        "iva": 10,
                        "is_new": false,
                        "is_pack": false,
                        "pack_size": null,
                        "unit_name": null,
                        "unit_size": 1.0,
                        "bulk_price": "0.88",
                        "unit_price": "0.88",
                        "approx_size": false,
                        "size_format": "l",
                        "total_units": null,
                        "unit_selector": true,
                        "bunch_selector": false,
                        "drained_weight": null,
                        "price_decreased": false,
                        "reference_price": "0.88",
                        "min_bunch_amount": 1.0,
                        "reference_format": "L",
                        "increment_bunch_amount": 1.0
                    }
                },
                {
                    "id": "39897",
                    "limit": 1000,
                    "badges": {
                        "is_water": false,
                        "requires_age_check": true
                    },
                    "packaging": "Ampolla",
                    "thumbnail": "https://prod-mercadona.imgix.net/20190521/97/39897/vlc1/39897_00_02.jpg?fit=crop&h=206&w=206",
                    "display_name": "Most blanc Casón Histórico",
                    "bunch_selector": false,
                    "price_instructions": {
                        "iva": 10,
                        "is_new": false,
                        "is_pack": false,
                        "pack_size": null,
                        "unit_name": null,
                        "unit_size": 1.5,
                        "bulk_price": "0.77",
                        "unit_price": "1.15",
                        "approx_size": false,
                        "size_format": "l",
                        "total_units": null,
                        "unit_selector": true,
                        "bunch_selector": false,
                        "drained_weight": null,
                        "price_decreased": false,
                        "reference_price": "0.77",
                        "min_bunch_amount": 0.0,
                        "reference_format": "L",
                        "increment_bunch_amount": 0.0
                    }
                },
                {
                    "id": "39896",
                    "limit": 1000,
                    "badges": {
                        "is_water": false,
                        "requires_age_check": true
                    },
                    "packaging": "Ampolla",
                    "thumbnail": "https://prod-mercadona.imgix.net/20190521/96/39896/vlc1/39896_00_02.jpg?fit=crop&h=206&w=206",
                    "display_name": "Most negre Casón Histórico",
                    "bunch_selector": false,
                    "price_instructions": {
                        "iva": 10,
                        "is_new": false,
                        "is_pack": false,
                        "pack_size": null,
                        "unit_name": null,
                        "unit_size": 1.5,
                        "bulk_price": "0.77",
                        "unit_price": "1.15",
                        "approx_size": false,
                        "size_format": "l",
                        "total_units": null,
                        "unit_selector": true,
                        "bunch_selector": false,
                        "drained_weight": null,
                        "price_decreased": false,
                        "reference_price": "0.77",
                        "min_bunch_amount": 0.0,
                        "reference_format": "L",
                        "increment_bunch_amount": 0.0
                    }
                },
                {
                    "id": "37218",
                    "limit": 1000,
                    "badges": {
                        "is_water": false,
                        "requires_age_check": true
                    },
                    "packaging": "Ampolla",
                    "thumbnail": "https://prod-mercadona.imgix.net/20190521/18/37218/vlc1/37218_00_02.jpg?fit=crop&h=206&w=206",
                    "display_name": "Vi blanc DO Rueda Abadía Mantrús sauvignon blanc",
                    "bunch_selector": false,
                    "price_instructions": {
                        "iva": 21,
                        "is_new": false,
                        "is_pack": false,
                        "pack_size": null,
                        "unit_name": null,
                        "unit_size": 0.75,
                        "bulk_price": "4.00",
                        "unit_price": "3.00",
                        "approx_size": false,
                        "size_format": "l",
                        "total_units": null,
                        "unit_selector": true,
                        "bunch_selector": false,
                        "drained_weight": null,
                        "price_decreased": false,
                        "reference_price": "4.00",
                        "min_bunch_amount": 1.0,
                        "reference_format": "L",
                        "increment_bunch_amount": 1.0
                    }
                },
                {
                    "id": "37202",
                    "limit": 1000,
                    "badges": {
                        "is_water": false,
                        "requires_age_check": true
                    },
                    "packaging": "Ampolla",
                    "thumbnail": "https://prod-mercadona.imgix.net/20190521/02/37202/vlc1/37202_00_02.jpg?fit=crop&h=206&w=206",
                    "display_name": "Vi blanc verdejo DO Rueda Marqués de Riscal",
                    "bunch_selector": false,
                    "price_instructions": {
                        "iva": 21,
                        "is_new": false,
                        "is_pack": false,
                        "pack_size": null,
                        "unit_name": null,
                        "unit_size": 0.75,
                        "bulk_price": "9.87",
                        "unit_price": "7.40",
                        "approx_size": false,
                        "size_format": "l",
                        "total_units": null,
                        "unit_selector": true,
                        "bunch_selector": false,
                        "drained_weight": null,
                        "price_decreased": false,
                        "reference_price": "9.87",
                        "min_bunch_amount": 1.0,
                        "reference_format": "L",
                        "increment_bunch_amount": 1.0
                    }
                },
                {
                    "id": "37229",
                    "limit": 1000,
                    "badges": {
                        "is_water": false,
                        "requires_age_check": true
                    },
                    "packaging": "Ampolla",
                    "thumbnail": "https://prod-mercadona.imgix.net/20190521/29/37229/vlc1/37229_00_02.jpg?fit=crop&h=206&w=206",
                    "display_name": "Vi blanc verdejo DO Rueda Arribeño",
                    "bunch_selector": false,
                    "price_instructions": {
                        "iva": 21,
                        "is_new": false,
                        "is_pack": false,
                        "pack_size": null,
                        "unit_name": null,
                        "unit_size": 0.75,
                        "bulk_price": "3.00",
                        "unit_price": "2.25",
                        "approx_size": false,
                        "size_format": "l",
                        "total_units": null,
                        "unit_selector": true,
                        "bunch_selector": false,
                        "drained_weight": null,
                        "price_decreased": false,
                        "reference_price": "3.00",
                        "min_bunch_amount": 1.0,
                        "reference_format": "L",
                        "increment_bunch_amount": 1.0
                    }
                },
                {
                    "id": "66905",
                    "limit": 1000,
                    "badges": {
                        "is_water": false,
                        "requires_age_check": true
                    },
                    "packaging": "Ampolla",
                    "thumbnail": "https://prod-mercadona.imgix.net/20190521/05/66905/vlc1/66905_00_02.jpg?fit=crop&h=206&w=206",
                    "display_name": "Beguda aromatitzada a base de vi per cuinar Abuela Carola",
                    "bunch_selector": false,
                    "price_instructions": {
                        "iva": 10,
                        "is_new": false,
                        "is_pack": false,
                        "pack_size": null,
                        "unit_name": null,
                        "unit_size": 0.75,
                        "bulk_price": "2.65",
                        "unit_price": "1.99",
                        "approx_size": false,
                        "size_format": "l",
                        "total_units": null,
                        "unit_selector": true,
                        "bunch_selector": false,
                        "drained_weight": null,
                        "price_decreased": false,
                        "reference_price": "2.65",
                        "min_bunch_amount": 1.0,
                        "reference_format": "L",
                        "increment_bunch_amount": 1.0
                    }
                },
                {
                    "id": "37138",
                    "limit": 1000,
                    "badges": {
                        "is_water": false,
                        "requires_age_check": true
                    },
                    "packaging": "Ampolla",
                    "thumbnail": "https://prod-mercadona.imgix.net/20190521/38/37138/vlc1/37138_00_00.jpg?fit=crop&h=206&w=206",
                    "display_name": "Vi blanc DO la Manxa Fidencio",
                    "bunch_selector": false,
                    "price_instructions": {
                        "iva": 21,
                        "is_new": false,
                        "is_pack": false,
                        "pack_size": null,
                        "unit_name": null,
                        "unit_size": 0.75,
                        "bulk_price": "1.60",
                        "unit_price": "1.20",
                        "approx_size": false,
                        "size_format": "l",
                        "total_units": null,
                        "unit_selector": true,
                        "bunch_selector": false,
                        "drained_weight": null,
                        "price_decreased": false,
                        "reference_price": "1.60",
                        "min_bunch_amount": 1.0,
                        "reference_format": "L",
                        "increment_bunch_amount": 1.0
                    }
                },
                {
                    "id": "66348",
                    "limit": 1000,
                    "badges": {
                        "is_water": false,
                        "requires_age_check": true
                    },
                    "packaging": "Ampolla",
                    "thumbnail": "https://prod-mercadona.imgix.net/20190521/48/66348/vlc1/66348_00_00.jpg?fit=crop&h=206&w=206",
                    "display_name": "Vi blanc afruitat Blancauvas",
                    "bunch_selector": false,
                    "price_instructions": {
                        "iva": 21,
                        "is_new": false,
                        "is_pack": false,
                        "pack_size": null,
                        "unit_name": null,
                        "unit_size": 0.75,
                        "bulk_price": "2.20",
                        "unit_price": "1.65",
                        "approx_size": false,
                        "size_format": "l",
                        "total_units": null,
                        "unit_selector": true,
                        "bunch_selector": false,
                        "drained_weight": null,
                        "price_decreased": false,
                        "reference_price": "2.20",
                        "min_bunch_amount": 1.0,
                        "reference_format": "L",
                        "increment_bunch_amount": 1.0
                    }
                },
                {
                    "id": "66105",
                    "limit": 1000,
                    "badges": {
                        "is_water": false,
                        "requires_age_check": true
                    },
                    "packaging": "Bric",
                    "thumbnail": "https://prod-mercadona.imgix.net/20190521/05/66105/vlc1/66105_00_04.jpg?fit=crop&h=206&w=206",
                    "display_name": "Vi blanc Don Simón",
                    "bunch_selector": false,
                    "price_instructions": {
                        "iva": 21,
                        "is_new": false,
                        "is_pack": false,
                        "pack_size": null,
                        "unit_name": null,
                        "unit_size": 1.0,
                        "bulk_price": "1.45",
                        "unit_price": "1.45",
                        "approx_size": false,
                        "size_format": "l",
                        "total_units": null,
                        "unit_selector": true,
                        "bunch_selector": false,
                        "drained_weight": null,
                        "price_decreased": false,
                        "reference_price": "1.45",
                        "min_bunch_amount": 1.0,
                        "reference_format": "L",
                        "increment_bunch_amount": 1.0
                    }
                },
                {
                    "id": "66124",
                    "limit": 1000,
                    "badges": {
                        "is_water": false,
                        "requires_age_check": true
                    },
                    "packaging": "Paquet-3",
                    "thumbnail": "https://prod-mercadona.imgix.net/20190521/24/66124/vlc1/66124_00_01.jpg?fit=crop&h=206&w=206",
                    "display_name": "Vi blanc Don Simón chardonnay airén",
                    "bunch_selector": false,
                    "price_instructions": {
                        "iva": 21,
                        "is_new": false,
                        "is_pack": true,
                        "pack_size": 0.25,
                        "unit_name": "brics petits",
                        "unit_size": 0.75,
                        "bulk_price": "1.71",
                        "unit_price": "1.28",
                        "approx_size": false,
                        "size_format": "l",
                        "total_units": 3,
                        "unit_selector": true,
                        "bunch_selector": false,
                        "drained_weight": null,
                        "price_decreased": false,
                        "reference_price": "1.71",
                        "min_bunch_amount": 1.0,
                        "reference_format": "L",
                        "increment_bunch_amount": 1.0
                    }
                },
                {
                    "id": "66127",
                    "limit": 1000,
                    "badges": {
                        "is_water": false,
                        "requires_age_check": true
                    },
                    "packaging": "Bric",
                    "thumbnail": "https://prod-mercadona.imgix.net/20190521/27/66127/vlc1/66127_00_02.jpg?fit=crop&h=206&w=206",
                    "display_name": "Vi blanc Casón Histórico",
                    "bunch_selector": false,
                    "price_instructions": {
                        "iva": 21,
                        "is_new": false,
                        "is_pack": false,
                        "pack_size": null,
                        "unit_name": null,
                        "unit_size": 1.0,
                        "bulk_price": "1.00",
                        "unit_price": "1.00",
                        "approx_size": false,
                        "size_format": "l",
                        "total_units": null,
                        "unit_selector": true,
                        "bunch_selector": false,
                        "drained_weight": null,
                        "price_decreased": false,
                        "reference_price": "1.00",
                        "min_bunch_amount": 0.0,
                        "reference_format": "L",
                        "increment_bunch_amount": 0.0
                    }
                },
                {
                    "id": "66324",
                    "limit": 1000,
                    "badges": {
                        "is_water": false,
                        "requires_age_check": true
                    },
                    "packaging": "Ampolla",
                    "thumbnail": "https://prod-mercadona.imgix.net/20190521/24/66324/vlc1/66324_00_00.jpg?fit=crop&h=206&w=206",
                    "display_name": "Vi blanc DO Rioja El Coto",
                    "bunch_selector": false,
                    "price_instructions": {
                        "iva": 21,
                        "is_new": false,
                        "is_pack": false,
                        "pack_size": null,
                        "unit_name": null,
                        "unit_size": 0.75,
                        "bulk_price": "5.13",
                        "unit_price": "3.85",
                        "approx_size": false,
                        "size_format": "l",
                        "total_units": null,
                        "unit_selector": true,
                        "bunch_selector": false,
                        "drained_weight": null,
                        "price_decreased": false,
                        "reference_price": "5.13",
                        "min_bunch_amount": 1.0,
                        "reference_format": "L",
                        "increment_bunch_amount": 1.0
                    }
                },
                {
                    "id": "66282",
                    "limit": 1000,
                    "badges": {
                        "is_water": false,
                        "requires_age_check": true
                    },
                    "packaging": "Ampolla",
                    "thumbnail": "https://prod-mercadona.imgix.net/20190521/82/66282/vlc1/66282_00_02.jpg?fit=crop&h=206&w=206",
                    "display_name": "Vi blanc DO Rioja Arteso",
                    "bunch_selector": false,
                    "price_instructions": {
                        "iva": 21,
                        "is_new": false,
                        "is_pack": false,
                        "pack_size": null,
                        "unit_name": null,
                        "unit_size": 0.75,
                        "bulk_price": "4.00",
                        "unit_price": "3.00",
                        "approx_size": false,
                        "size_format": "l",
                        "total_units": null,
                        "unit_selector": true,
                        "bunch_selector": false,
                        "drained_weight": null,
                        "price_decreased": false,
                        "reference_price": "4.00",
                        "min_bunch_amount": 1.0,
                        "reference_format": "L",
                        "increment_bunch_amount": 1.0
                    }
                },
                {
                    "id": "66323",
                    "limit": 1000,
                    "badges": {
                        "is_water": false,
                        "requires_age_check": true
                    },
                    "packaging": "Ampolla",
                    "thumbnail": "https://prod-mercadona.imgix.net/20190521/23/66323/vlc1/66323_00_02.jpg?fit=crop&h=206&w=206",
                    "display_name": "Vi blanc DO Rioja Comportillo collita",
                    "bunch_selector": false,
                    "price_instructions": {
                        "iva": 21,
                        "is_new": false,
                        "is_pack": false,
                        "pack_size": null,
                        "unit_name": null,
                        "unit_size": 0.75,
                        "bulk_price": "3.13",
                        "unit_price": "2.35",
                        "approx_size": false,
                        "size_format": "l",
                        "total_units": null,
                        "unit_selector": true,
                        "bunch_selector": false,
                        "drained_weight": null,
                        "price_decreased": false,
                        "reference_price": "3.13",
                        "min_bunch_amount": 1.0,
                        "reference_format": "L",
                        "increment_bunch_amount": 1.0
                    }
                },
                {
                    "id": "66924",
                    "limit": 1000,
                    "badges": {
                        "is_water": false,
                        "requires_age_check": true
                    },
                    "packaging": "Ampolla",
                    "thumbnail": "https://prod-mercadona.imgix.net/20190521/24/66924/vlc1/66924_00_02.jpg?fit=crop&h=206&w=206",
                    "display_name": "Vi dolç Pedro Ximenes Málaga Virgen",
                    "bunch_selector": false,
                    "price_instructions": {
                        "iva": 21,
                        "is_new": false,
                        "is_pack": false,
                        "pack_size": null,
                        "unit_name": null,
                        "unit_size": 0.75,
                        "bulk_price": "7.93",
                        "unit_price": "5.95",
                        "approx_size": false,
                        "size_format": "l",
                        "total_units": null,
                        "unit_selector": true,
                        "bunch_selector": false,
                        "drained_weight": null,
                        "price_decreased": false,
                        "reference_price": "7.93",
                        "min_bunch_amount": 1.0,
                        "reference_format": "L",
                        "increment_bunch_amount": 1.0
                    }
                },
                {
                    "id": "66948",
                    "limit": 1000,
                    "badges": {
                        "is_water": false,
                        "requires_age_check": true
                    },
                    "packaging": "Ampolla",
                    "thumbnail": "https://prod-mercadona.imgix.net/20190521/48/66948/vlc1/66948_00_02.jpg?fit=crop&h=206&w=206",
                    "display_name": "Mistela dolça de moscatell Mig Segle DO València",
                    "bunch_selector": false,
                    "price_instructions": {
                        "iva": 21,
                        "is_new": false,
                        "is_pack": false,
                        "pack_size": null,
                        "unit_name": null,
                        "unit_size": 0.75,
                        "bulk_price": "3.72",
                        "unit_price": "2.79",
                        "approx_size": false,
                        "size_format": "l",
                        "total_units": null,
                        "unit_selector": true,
                        "bunch_selector": false,
                        "drained_weight": null,
                        "price_decreased": false,
                        "reference_price": "3.72",
                        "min_bunch_amount": 1.0,
                        "reference_format": "L",
                        "increment_bunch_amount": 1.0
                    }
                },
                {
                    "id": "66907",
                    "limit": 1000,
                    "badges": {
                        "is_water": false,
                        "requires_age_check": true
                    },
                    "packaging": "Ampolla",
                    "thumbnail": "https://prod-mercadona.imgix.net/20190521/07/66907/vlc1/66907_00_02.jpg?fit=crop&h=206&w=206",
                    "display_name": "Fino Corredera DO Montilla-Moriles",
                    "bunch_selector": false,
                    "price_instructions": {
                        "iva": 21,
                        "is_new": false,
                        "is_pack": false,
                        "pack_size": null,
                        "unit_name": null,
                        "unit_size": 0.75,
                        "bulk_price": "3.00",
                        "unit_price": "2.25",
                        "approx_size": false,
                        "size_format": "l",
                        "total_units": null,
                        "unit_selector": true,
                        "bunch_selector": false,
                        "drained_weight": null,
                        "price_decreased": false,
                        "reference_price": "3.00",
                        "min_bunch_amount": 1.0,
                        "reference_format": "L",
                        "increment_bunch_amount": 1.0
                    }
                },
                {
                    "id": "66920",
                    "limit": 1000,
                    "badges": {
                        "is_water": false,
                        "requires_age_check": true
                    },
                    "packaging": "Ampolla",
                    "thumbnail": "https://prod-mercadona.imgix.net/20190521/20/66920/vlc1/66920_00_02.jpg?fit=crop&h=206&w=206",
                    "display_name": "Vi dolç Porto Cruz",
                    "bunch_selector": false,
                    "price_instructions": {
                        "iva": 21,
                        "is_new": false,
                        "is_pack": false,
                        "pack_size": null,
                        "unit_name": null,
                        "unit_size": 0.75,
                        "bulk_price": "7.97",
                        "unit_price": "5.98",
                        "approx_size": false,
                        "size_format": "l",
                        "total_units": null,
                        "unit_selector": true,
                        "bunch_selector": false,
                        "drained_weight": null,
                        "price_decreased": false,
                        "reference_price": "7.97",
                        "min_bunch_amount": 1.0,
                        "reference_format": "L",
                        "increment_bunch_amount": 1.0
                    }
                },
                {
                    "id": "66908",
                    "limit": 1000,
                    "badges": {
                        "is_water": false,
                        "requires_age_check": true
                    },
                    "packaging": "Ampolla",
                    "thumbnail": "https://prod-mercadona.imgix.net/20190521/08/66908/vlc1/66908_00_02.jpg?fit=crop&h=206&w=206",
                    "display_name": "Vi dolç cream Real Tesoro DO Jerez de la Frontera",
                    "bunch_selector": false,
                    "price_instructions": {
                        "iva": 21,
                        "is_new": false,
                        "is_pack": false,
                        "pack_size": null,
                        "unit_name": null,
                        "unit_size": 0.75,
                        "bulk_price": "4.25",
                        "unit_price": "3.19",
                        "approx_size": false,
                        "size_format": "l",
                        "total_units": null,
                        "unit_selector": true,
                        "bunch_selector": false,
                        "drained_weight": null,
                        "price_decreased": false,
                        "reference_price": "4.25",
                        "min_bunch_amount": 1.0,
                        "reference_format": "L",
                        "increment_bunch_amount": 1.0
                    }
                },
                {
                    "id": "66911",
                    "limit": 1000,
                    "badges": {
                        "is_water": false,
                        "requires_age_check": true
                    },
                    "packaging": "Ampolla",
                    "thumbnail": "https://prod-mercadona.imgix.net/20190521/11/66911/vlc1/66911_00_02.jpg?fit=crop&h=206&w=206",
                    "display_name": "Fino Real Tesoro DO Jerez de la Frontera",
                    "bunch_selector": false,
                    "price_instructions": {
                        "iva": 21,
                        "is_new": false,
                        "is_pack": false,
                        "pack_size": null,
                        "unit_name": null,
                        "unit_size": 0.75,
                        "bulk_price": "3.60",
                        "unit_price": "2.70",
                        "approx_size": false,
                        "size_format": "l",
                        "total_units": null,
                        "unit_selector": true,
                        "bunch_selector": false,
                        "drained_weight": null,
                        "price_decreased": false,
                        "reference_price": "3.60",
                        "min_bunch_amount": 1.0,
                        "reference_format": "L",
                        "increment_bunch_amount": 1.0
                    }
                },
                {
                    "id": "66912",
                    "limit": 1000,
                    "badges": {
                        "is_water": false,
                        "requires_age_check": true
                    },
                    "packaging": "Ampolla",
                    "thumbnail": "https://prod-mercadona.imgix.net/20190521/12/66912/vlc1/66912_00_02.jpg?fit=crop&h=206&w=206",
                    "display_name": "Vi dolç Pedro Ximenes Real Tesoro DO Jerez de la Frontera",
                    "bunch_selector": false,
                    "price_instructions": {
                        "iva": 21,
                        "is_new": false,
                        "is_pack": false,
                        "pack_size": null,
                        "unit_name": null,
                        "unit_size": 0.75,
                        "bulk_price": "7.47",
                        "unit_price": "5.60",
                        "approx_size": false,
                        "size_format": "l",
                        "total_units": null,
                        "unit_selector": true,
                        "bunch_selector": false,
                        "drained_weight": null,
                        "price_decreased": false,
                        "reference_price": "7.47",
                        "min_bunch_amount": 1.0,
                        "reference_format": "L",
                        "increment_bunch_amount": 1.0
                    }
                },
                {
                    "id": "66916",
                    "limit": 1000,
                    "badges": {
                        "is_water": false,
                        "requires_age_check": true
                    },
                    "packaging": "Ampolla",
                    "thumbnail": "https://prod-mercadona.imgix.net/20190521/16/66916/vlc1/66916_00_02.jpg?fit=crop&h=206&w=206",
                    "display_name": "Camamilla La Bailaora DO Sanlúcar de Barrameda",
                    "bunch_selector": false,
                    "price_instructions": {
                        "iva": 21,
                        "is_new": false,
                        "is_pack": false,
                        "pack_size": null,
                        "unit_name": null,
                        "unit_size": 0.75,
                        "bulk_price": "3.25",
                        "unit_price": "2.44",
                        "approx_size": false,
                        "size_format": "l",
                        "total_units": null,
                        "unit_selector": true,
                        "bunch_selector": false,
                        "drained_weight": null,
                        "price_decreased": false,
                        "reference_price": "3.25",
                        "min_bunch_amount": 1.0,
                        "reference_format": "L",
                        "increment_bunch_amount": 1.0
                    }
                },
                {
                    "id": "66951",
                    "limit": 1000,
                    "badges": {
                        "is_water": false,
                        "requires_age_check": true
                    },
                    "packaging": "Ampolla",
                    "thumbnail": "https://prod-mercadona.imgix.net/20190521/51/66951/vlc1/66951_00_02.jpg?fit=crop&h=206&w=206",
                    "display_name": "Mistela molt dolça de moscatell Mig Segle DO València",
                    "bunch_selector": false,
                    "price_instructions": {
                        "iva": 21,
                        "is_new": false,
                        "is_pack": false,
                        "pack_size": null,
                        "unit_name": null,
                        "unit_size": 0.75,
                        "bulk_price": "3.85",
                        "unit_price": "2.89",
                        "approx_size": false,
                        "size_format": "l",
                        "total_units": null,
                        "unit_selector": true,
                        "bunch_selector": false,
                        "drained_weight": null,
                        "price_decreased": false,
                        "reference_price": "3.85",
                        "min_bunch_amount": 1.0,
                        "reference_format": "L",
                        "increment_bunch_amount": 1.0
                    }
                },
                {
                    "id": "66369",
                    "limit": 1000,
                    "badges": {
                        "is_water": false,
                        "requires_age_check": true
                    },
                    "packaging": "Ampolla",
                    "thumbnail": "https://prod-mercadona.imgix.net/20190521/69/66369/vlc1/66369_00_02.jpg?fit=crop&h=206&w=206",
                    "display_name": "Vi blanc verdejo DO Rueda Abadía Mantrús",
                    "bunch_selector": false,
                    "price_instructions": {
                        "iva": 21,
                        "is_new": false,
                        "is_pack": false,
                        "pack_size": null,
                        "unit_name": null,
                        "unit_size": 0.75,
                        "bulk_price": "3.00",
                        "unit_price": "2.25",
                        "approx_size": false,
                        "size_format": "l",
                        "total_units": null,
                        "unit_selector": true,
                        "bunch_selector": false,
                        "drained_weight": null,
                        "price_decreased": false,
                        "reference_price": "3.00",
                        "min_bunch_amount": 1.0,
                        "reference_format": "L",
                        "increment_bunch_amount": 1.0
                    }
                },
                {
                    "id": "66711",
                    "limit": 1000,
                    "badges": {
                        "is_water": false,
                        "requires_age_check": true
                    },
                    "packaging": "Ampolla",
                    "thumbnail": "https://prod-mercadona.imgix.net/20190521/11/66711/vlc1/66711_00_02.jpg?fit=crop&h=206&w=206",
                    "display_name": "Vi blanc airén verdejo Elegido",
                    "bunch_selector": false,
                    "price_instructions": {
                        "iva": 21,
                        "is_new": false,
                        "is_pack": false,
                        "pack_size": null,
                        "unit_name": null,
                        "unit_size": 1.0,
                        "bulk_price": "1.76",
                        "unit_price": "1.76",
                        "approx_size": false,
                        "size_format": "l",
                        "total_units": null,
                        "unit_selector": true,
                        "bunch_selector": false,
                        "drained_weight": null,
                        "price_decreased": false,
                        "reference_price": "1.76",
                        "min_bunch_amount": 1.0,
                        "reference_format": "L",
                        "increment_bunch_amount": 1.0
                    }
                },
                {
                    "id": "37111",
                    "limit": 1000,
                    "badges": {
                        "is_water": false,
                        "requires_age_check": true
                    },
                    "packaging": "Ampolla",
                    "thumbnail": "https://prod-mercadona.imgix.net/20190521/11/37111/vlc1/37111_00_02.jpg?fit=crop&h=206&w=206",
                    "display_name": "Vi blanc chardonnay Indómito",
                    "bunch_selector": false,
                    "price_instructions": {
                        "iva": 21,
                        "is_new": false,
                        "is_pack": false,
                        "pack_size": null,
                        "unit_name": null,
                        "unit_size": 0.75,
                        "bulk_price": "2.65",
                        "unit_price": "1.99",
                        "approx_size": false,
                        "size_format": "l",
                        "total_units": null,
                        "unit_selector": true,
                        "bunch_selector": false,
                        "drained_weight": null,
                        "price_decreased": false,
                        "reference_price": "2.65",
                        "min_bunch_amount": 1.0,
                        "reference_format": "L",
                        "increment_bunch_amount": 1.0
                    }
                },
                {
                    "id": "66835",
                    "limit": 1000,
                    "badges": {
                        "is_water": false,
                        "requires_age_check": true
                    },
                    "packaging": "Ampolla",
                    "thumbnail": "https://prod-mercadona.imgix.net/20190521/35/66835/vlc1/66835_00_00.jpg?fit=crop&h=206&w=206",
                    "display_name": "Vi blanc DO Ribeiro Larmeu",
                    "bunch_selector": false,
                    "price_instructions": {
                        "iva": 21,
                        "is_new": false,
                        "is_pack": false,
                        "pack_size": null,
                        "unit_name": null,
                        "unit_size": 0.75,
                        "bulk_price": "2.52",
                        "unit_price": "1.89",
                        "approx_size": false,
                        "size_format": "l",
                        "total_units": null,
                        "unit_selector": true,
                        "bunch_selector": false,
                        "drained_weight": null,
                        "price_decreased": false,
                        "reference_price": "2.52",
                        "min_bunch_amount": 1.0,
                        "reference_format": "L",
                        "increment_bunch_amount": 1.0
                    }
                },
                {
                    "id": "66250",
                    "limit": 1000,
                    "badges": {
                        "is_water": false,
                        "requires_age_check": true
                    },
                    "packaging": "Ampolla",
                    "thumbnail": "https://prod-mercadona.imgix.net/20190521/50/66250/vlc1/66250_00_02.jpg?fit=crop&h=206&w=206",
                    "display_name": "Vi blanc DO València Castillo Liria Viura Sauvignon Blanc",
                    "bunch_selector": false,
                    "price_instructions": {
                        "iva": 21,
                        "is_new": false,
                        "is_pack": false,
                        "pack_size": null,
                        "unit_name": null,
                        "unit_size": 0.75,
                        "bulk_price": "3.05",
                        "unit_price": "2.29",
                        "approx_size": false,
                        "size_format": "l",
                        "total_units": null,
                        "unit_selector": true,
                        "bunch_selector": false,
                        "drained_weight": null,
                        "price_decreased": false,
                        "reference_price": "3.05",
                        "min_bunch_amount": 1.0,
                        "reference_format": "L",
                        "increment_bunch_amount": 1.0
                    }
                },
                {
                    "id": "37110",
                    "limit": 1000,
                    "badges": {
                        "is_water": false,
                        "requires_age_check": true
                    },
                    "packaging": "Ampolla",
                    "thumbnail": "https://prod-mercadona.imgix.net/20190521/10/37110/vlc1/37110_00_02.jpg?fit=crop&h=206&w=206",
                    "display_name": "Vi blanc criança DO Valdepeñas Señorío de los Llanos",
                    "bunch_selector": false,
                    "price_instructions": {
                        "iva": 21,
                        "is_new": false,
                        "is_pack": false,
                        "pack_size": null,
                        "unit_name": null,
                        "unit_size": 0.75,
                        "bulk_price": "2.20",
                        "unit_price": "1.65",
                        "approx_size": false,
                        "size_format": "l",
                        "total_units": null,
                        "unit_selector": true,
                        "bunch_selector": false,
                        "drained_weight": null,
                        "price_decreased": false,
                        "reference_price": "2.20",
                        "min_bunch_amount": 1.0,
                        "reference_format": "L",
                        "increment_bunch_amount": 1.0
                    }
                },
                {
                    "id": "66672",
                    "limit": 1000,
                    "badges": {
                        "is_water": false,
                        "requires_age_check": true
                    },
                    "packaging": "Ampolla",
                    "thumbnail": "https://prod-mercadona.imgix.net/20190521/72/66672/vlc1/66672_00_00.jpg?fit=crop&h=206&w=206",
                    "display_name": "Vi blanc terra de Cadis Barbadillo collita",
                    "bunch_selector": false,
                    "price_instructions": {
                        "iva": 21,
                        "is_new": false,
                        "is_pack": false,
                        "pack_size": null,
                        "unit_name": null,
                        "unit_size": 0.75,
                        "bulk_price": "5.00",
                        "unit_price": "3.75",
                        "approx_size": false,
                        "size_format": "l",
                        "total_units": null,
                        "unit_selector": true,
                        "bunch_selector": false,
                        "drained_weight": null,
                        "price_decreased": false,
                        "reference_price": "5.00",
                        "min_bunch_amount": 1.0,
                        "reference_format": "L",
                        "increment_bunch_amount": 1.0
                    }
                },
                {
                    "id": "66248",
                    "limit": 1000,
                    "badges": {
                        "is_water": false,
                        "requires_age_check": true
                    },
                    "packaging": "Ampolla",
                    "thumbnail": "https://prod-mercadona.imgix.net/20190521/48/66248/vlc1/66248_00_02.jpg?fit=crop&h=206&w=206",
                    "display_name": "Vi blanc DO Alacant Bahía de Dénia",
                    "bunch_selector": false,
                    "price_instructions": {
                        "iva": 21,
                        "is_new": false,
                        "is_pack": false,
                        "pack_size": null,
                        "unit_name": null,
                        "unit_size": 0.75,
                        "bulk_price": "6.53",
                        "unit_price": "4.90",
                        "approx_size": false,
                        "size_format": "l",
                        "total_units": null,
                        "unit_selector": true,
                        "bunch_selector": false,
                        "drained_weight": null,
                        "price_decreased": false,
                        "reference_price": "6.53",
                        "min_bunch_amount": 1.0,
                        "reference_format": "L",
                        "increment_bunch_amount": 1.0
                    }
                },
                {
                    "id": "66834",
                    "limit": 1000,
                    "badges": {
                        "is_water": false,
                        "requires_age_check": true
                    },
                    "packaging": "Ampolla",
                    "thumbnail": "https://prod-mercadona.imgix.net/20190521/34/66834/vlc1/66834_00_02.jpg?fit=crop&h=206&w=206",
                    "display_name": "Vi blanc albarinyo DO Rías Baixas Viña Xunqueira",
                    "bunch_selector": false,
                    "price_instructions": {
                        "iva": 21,
                        "is_new": false,
                        "is_pack": false,
                        "pack_size": null,
                        "unit_name": null,
                        "unit_size": 0.75,
                        "bulk_price": "4.92",
                        "unit_price": "3.69",
                        "approx_size": false,
                        "size_format": "l",
                        "total_units": null,
                        "unit_selector": true,
                        "bunch_selector": false,
                        "drained_weight": null,
                        "price_decreased": false,
                        "reference_price": "4.92",
                        "min_bunch_amount": 1.0,
                        "reference_format": "L",
                        "increment_bunch_amount": 1.0
                    }
                },
                {
                    "id": "66206",
                    "limit": 1000,
                    "badges": {
                        "is_water": false,
                        "requires_age_check": true
                    },
                    "packaging": "Ampolla",
                    "thumbnail": "https://prod-mercadona.imgix.net/20190521/06/66206/vlc1/66206_00_00.jpg?fit=crop&h=206&w=206",
                    "display_name": "Vi blanc semidolç L'Antigón DO València",
                    "bunch_selector": false,
                    "price_instructions": {
                        "iva": 21,
                        "is_new": false,
                        "is_pack": false,
                        "pack_size": null,
                        "unit_name": null,
                        "unit_size": 0.75,
                        "bulk_price": "1.99",
                        "unit_price": "1.49",
                        "approx_size": false,
                        "size_format": "l",
                        "total_units": null,
                        "unit_selector": true,
                        "bunch_selector": false,
                        "drained_weight": null,
                        "price_decreased": false,
                        "reference_price": "1.99",
                        "min_bunch_amount": 1.0,
                        "reference_format": "L",
                        "increment_bunch_amount": 1.0
                    }
                },
                {
                    "id": "66495",
                    "limit": 1000,
                    "badges": {
                        "is_water": false,
                        "requires_age_check": true
                    },
                    "packaging": "Ampolla",
                    "thumbnail": "https://prod-mercadona.imgix.net/20190521/95/66495/vlc1/66495_00_00.jpg?fit=crop&h=206&w=206",
                    "display_name": "Vi blanc suau i afruitat El Pescaito",
                    "bunch_selector": false,
                    "price_instructions": {
                        "iva": 21,
                        "is_new": false,
                        "is_pack": false,
                        "pack_size": null,
                        "unit_name": null,
                        "unit_size": 0.75,
                        "bulk_price": "2.67",
                        "unit_price": "2.00",
                        "approx_size": false,
                        "size_format": "l",
                        "total_units": null,
                        "unit_selector": true,
                        "bunch_selector": false,
                        "drained_weight": null,
                        "price_decreased": false,
                        "reference_price": "2.67",
                        "min_bunch_amount": 1.0,
                        "reference_format": "L",
                        "increment_bunch_amount": 1.0
                    }
                },
                {
                    "id": "66200",
                    "limit": 1000,
                    "badges": {
                        "is_water": false,
                        "requires_age_check": true
                    },
                    "packaging": "Ampolla",
                    "thumbnail": "https://prod-mercadona.imgix.net/20190521/00/66200/vlc1/66200_00_02.jpg?fit=crop&h=206&w=206",
                    "display_name": "Vi blanc semidolç Castillo de Liria DO València",
                    "bunch_selector": false,
                    "price_instructions": {
                        "iva": 21,
                        "is_new": false,
                        "is_pack": false,
                        "pack_size": null,
                        "unit_name": null,
                        "unit_size": 0.75,
                        "bulk_price": "3.05",
                        "unit_price": "2.29",
                        "approx_size": false,
                        "size_format": "l",
                        "total_units": null,
                        "unit_selector": true,
                        "bunch_selector": false,
                        "drained_weight": null,
                        "price_decreased": false,
                        "reference_price": "3.05",
                        "min_bunch_amount": 1.0,
                        "reference_format": "L",
                        "increment_bunch_amount": 1.0
                    }
                },
                {
                    "id": "66352",
                    "limit": 1000,
                    "badges": {
                        "is_water": false,
                        "requires_age_check": true
                    },
                    "packaging": "Ampolla",
                    "thumbnail": "https://prod-mercadona.imgix.net/20190521/52/66352/vlc1/66352_00_02.jpg?fit=crop&h=206&w=206",
                    "display_name": "Vi blanc semidolç Diamante DO Rioja",
                    "bunch_selector": false,
                    "price_instructions": {
                        "iva": 21,
                        "is_new": false,
                        "is_pack": false,
                        "pack_size": null,
                        "unit_name": null,
                        "unit_size": 0.75,
                        "bulk_price": "5.32",
                        "unit_price": "3.99",
                        "approx_size": false,
                        "size_format": "l",
                        "total_units": null,
                        "unit_selector": true,
                        "bunch_selector": false,
                        "drained_weight": null,
                        "price_decreased": false,
                        "reference_price": "5.32",
                        "min_bunch_amount": 1.0,
                        "reference_format": "L",
                        "increment_bunch_amount": 1.0
                    }
                },
                {
                    "id": "66531",
                    "limit": 1000,
                    "badges": {
                        "is_water": false,
                        "requires_age_check": true
                    },
                    "packaging": "Ampolla",
                    "thumbnail": "https://prod-mercadona.imgix.net/20190521/31/66531/vlc1/66531_00_02.jpg?fit=crop&h=206&w=206",
                    "display_name": "Vi blanc semidolç Bach DO Catalunya",
                    "bunch_selector": false,
                    "price_instructions": {
                        "iva": 21,
                        "is_new": false,
                        "is_pack": false,
                        "pack_size": null,
                        "unit_name": null,
                        "unit_size": 0.75,
                        "bulk_price": "5.60",
                        "unit_price": "4.20",
                        "approx_size": false,
                        "size_format": "l",
                        "total_units": null,
                        "unit_selector": true,
                        "bunch_selector": false,
                        "drained_weight": null,
                        "price_decreased": false,
                        "reference_price": "5.60",
                        "min_bunch_amount": 1.0,
                        "reference_format": "L",
                        "increment_bunch_amount": 1.0
                    }
                },
                {
                    "id": "66202",
                    "limit": 1000,
                    "badges": {
                        "is_water": false,
                        "requires_age_check": true
                    },
                    "packaging": "Ampolla",
                    "thumbnail": "https://prod-mercadona.imgix.net/20190521/02/66202/vlc1/66202_00_00.jpg?fit=crop&h=206&w=206",
                    "display_name": "Vi blanc Marina Alta DO Alacant",
                    "bunch_selector": false,
                    "price_instructions": {
                        "iva": 21,
                        "is_new": false,
                        "is_pack": false,
                        "pack_size": null,
                        "unit_name": null,
                        "unit_size": 0.75,
                        "bulk_price": "6.47",
                        "unit_price": "4.85",
                        "approx_size": false,
                        "size_format": "l",
                        "total_units": null,
                        "unit_selector": true,
                        "bunch_selector": false,
                        "drained_weight": null,
                        "price_decreased": false,
                        "reference_price": "6.47",
                        "min_bunch_amount": 1.0,
                        "reference_format": "L",
                        "increment_bunch_amount": 1.0
                    }
                },
                {
                    "id": "37158",
                    "limit": 1000,
                    "badges": {
                        "is_water": false,
                        "requires_age_check": true
                    },
                    "packaging": "Ampolla",
                    "thumbnail": "https://prod-mercadona.imgix.net/20190521/58/37158/vlc1/37158_00_02.jpg?fit=crop&h=206&w=206",
                    "display_name": "Vi blanc verdejo Vega Cristina",
                    "bunch_selector": false,
                    "price_instructions": {
                        "iva": 21,
                        "is_new": false,
                        "is_pack": false,
                        "pack_size": null,
                        "unit_name": null,
                        "unit_size": 0.75,
                        "bulk_price": "2.20",
                        "unit_price": "1.65",
                        "approx_size": false,
                        "size_format": "l",
                        "total_units": null,
                        "unit_selector": true,
                        "bunch_selector": false,
                        "drained_weight": null,
                        "price_decreased": false,
                        "reference_price": "2.20",
                        "min_bunch_amount": 1.0,
                        "reference_format": "L",
                        "increment_bunch_amount": 1.0
                    }
                }
            ],
            "is_extended": false
        },
        {
            "id": 173,
            "name": "Vi lambrusco i escumós",
            "layout": 1,
            "products": [
                {
                    "id": "66477",
                    "limit": 1000,
                    "badges": {
                        "is_water": false,
                        "requires_age_check": true
                    },
                    "packaging": "Ampolla",
                    "thumbnail": "https://prod-mercadona.imgix.net/20190521/77/66477/vlc1/66477_00_02.jpg?fit=crop&h=206&w=206",
                    "display_name": "Vi blanc escumós Ophicus extrasec",
                    "bunch_selector": false,
                    "price_instructions": {
                        "iva": 21,
                        "is_new": false,
                        "is_pack": false,
                        "pack_size": null,
                        "unit_name": null,
                        "unit_size": 0.75,
                        "bulk_price": "3.00",
                        "unit_price": "2.25",
                        "approx_size": false,
                        "size_format": "l",
                        "total_units": null,
                        "unit_selector": true,
                        "bunch_selector": false,
                        "drained_weight": null,
                        "price_decreased": false,
                        "reference_price": "3.00",
                        "min_bunch_amount": 1.0,
                        "reference_format": "L",
                        "increment_bunch_amount": 1.0
                    }
                },
                {
                    "id": "66673",
                    "limit": 1000,
                    "badges": {
                        "is_water": false,
                        "requires_age_check": true
                    },
                    "packaging": "Ampolla",
                    "thumbnail": "https://prod-mercadona.imgix.net/20190521/73/66673/vlc1/66673_00_02.jpg?fit=crop&h=206&w=206",
                    "display_name": "Vi negre dolç d'agulla Sangue di Giuda Cueva peccato",
                    "bunch_selector": false,
                    "price_instructions": {
                        "iva": 21,
                        "is_new": false,
                        "is_pack": false,
                        "pack_size": null,
                        "unit_name": null,
                        "unit_size": 0.75,
                        "bulk_price": "5.00",
                        "unit_price": "3.75",
                        "approx_size": false,
                        "size_format": "l",
                        "total_units": null,
                        "unit_selector": true,
                        "bunch_selector": false,
                        "drained_weight": null,
                        "price_decreased": false,
                        "reference_price": "5.00",
                        "min_bunch_amount": 1.0,
                        "reference_format": "L",
                        "increment_bunch_amount": 1.0
                    }
                },
                {
                    "id": "66682",
                    "limit": 1000,
                    "badges": {
                        "is_water": false,
                        "requires_age_check": true
                    },
                    "packaging": "Ampolla",
                    "thumbnail": "https://prod-mercadona.imgix.net/20190521/82/66682/vlc1/66682_00_00.jpg?fit=crop&h=206&w=206",
                    "display_name": "Vi dolç Blue moscato V.Cristina escumós",
                    "bunch_selector": false,
                    "price_instructions": {
                        "iva": 21,
                        "is_new": false,
                        "is_pack": false,
                        "pack_size": null,
                        "unit_name": null,
                        "unit_size": 0.75,
                        "bulk_price": "2.60",
                        "unit_price": "1.95",
                        "approx_size": false,
                        "size_format": "l",
                        "total_units": null,
                        "unit_selector": true,
                        "bunch_selector": false,
                        "drained_weight": null,
                        "price_decreased": false,
                        "reference_price": "2.60",
                        "min_bunch_amount": 1.0,
                        "reference_format": "L",
                        "increment_bunch_amount": 1.0
                    }
                },
                {
                    "id": "66679",
                    "limit": 1000,
                    "badges": {
                        "is_water": false,
                        "requires_age_check": true
                    },
                    "packaging": "Ampolla",
                    "thumbnail": "https://prod-mercadona.imgix.net/20190521/79/66679/vlc1/66679_00_02.jpg?fit=crop&h=206&w=206",
                    "display_name": "Lambrusco dell'Emilia blanc escumós Piccolo Giovanni",
                    "bunch_selector": false,
                    "price_instructions": {
                        "iva": 21,
                        "is_new": false,
                        "is_pack": false,
                        "pack_size": null,
                        "unit_name": null,
                        "unit_size": 0.75,
                        "bulk_price": "2.52",
                        "unit_price": "1.89",
                        "approx_size": false,
                        "size_format": "l",
                        "total_units": null,
                        "unit_selector": true,
                        "bunch_selector": false,
                        "drained_weight": null,
                        "price_decreased": false,
                        "reference_price": "2.52",
                        "min_bunch_amount": 1.0,
                        "reference_format": "L",
                        "increment_bunch_amount": 1.0
                    }
                },
                {
                    "id": "66675",
                    "limit": 1000,
                    "badges": {
                        "is_water": false,
                        "requires_age_check": true
                    },
                    "packaging": "Ampolla",
                    "thumbnail": "https://prod-mercadona.imgix.net/20190521/75/66675/vlc1/66675_00_00.jpg?fit=crop&h=206&w=206",
                    "display_name": "Vi blanc dolç Moscato escumós Cueva Peccato",
                    "bunch_selector": false,
                    "price_instructions": {
                        "iva": 21,
                        "is_new": false,
                        "is_pack": false,
                        "pack_size": null,
                        "unit_name": null,
                        "unit_size": 0.75,
                        "bulk_price": "3.07",
                        "unit_price": "2.30",
                        "approx_size": false,
                        "size_format": "l",
                        "total_units": null,
                        "unit_selector": true,
                        "bunch_selector": false,
                        "drained_weight": null,
                        "price_decreased": false,
                        "reference_price": "3.07",
                        "min_bunch_amount": 1.0,
                        "reference_format": "L",
                        "increment_bunch_amount": 1.0
                    }
                },
                {
                    "id": "66676",
                    "limit": 1000,
                    "badges": {
                        "is_water": false,
                        "requires_age_check": true
                    },
                    "packaging": "Ampolla",
                    "thumbnail": "https://prod-mercadona.imgix.net/20190521/76/66676/vlc1/66676_00_00.jpg?fit=crop&h=206&w=206",
                    "display_name": "Lambrusco dell'Emilia rosat escumós Piccolo Giovanni",
                    "bunch_selector": false,
                    "price_instructions": {
                        "iva": 21,
                        "is_new": false,
                        "is_pack": false,
                        "pack_size": null,
                        "unit_name": null,
                        "unit_size": 0.75,
                        "bulk_price": "2.47",
                        "unit_price": "1.85",
                        "approx_size": false,
                        "size_format": "l",
                        "total_units": null,
                        "unit_selector": true,
                        "bunch_selector": false,
                        "drained_weight": null,
                        "price_decreased": false,
                        "reference_price": "2.47",
                        "min_bunch_amount": 1.0,
                        "reference_format": "L",
                        "increment_bunch_amount": 1.0
                    }
                },
                {
                    "id": "66678",
                    "limit": 1000,
                    "badges": {
                        "is_water": false,
                        "requires_age_check": true
                    },
                    "packaging": "Ampolla",
                    "thumbnail": "https://prod-mercadona.imgix.net/20190521/78/66678/vlc1/66678_00_02.jpg?fit=crop&h=206&w=206",
                    "display_name": "Lambrusco dell'Emilia vermell escumós Piccolo Giovanni",
                    "bunch_selector": false,
                    "price_instructions": {
                        "iva": 21,
                        "is_new": false,
                        "is_pack": false,
                        "pack_size": null,
                        "unit_name": null,
                        "unit_size": 0.75,
                        "bulk_price": "2.47",
                        "unit_price": "1.85",
                        "approx_size": false,
                        "size_format": "l",
                        "total_units": null,
                        "unit_selector": true,
                        "bunch_selector": false,
                        "drained_weight": null,
                        "price_decreased": false,
                        "reference_price": "2.47",
                        "min_bunch_amount": 1.0,
                        "reference_format": "L",
                        "increment_bunch_amount": 1.0
                    }
                },
                {
                    "id": "66332",
                    "limit": 1000,
                    "badges": {
                        "is_water": false,
                        "requires_age_check": true
                    },
                    "packaging": "Ampolla",
                    "thumbnail": "https://prod-mercadona.imgix.net/20190521/32/66332/vlc1/66332_00_02.jpg?fit=crop&h=206&w=206",
                    "display_name": "Vi blanc escumós verdejo dulZ.Ze frizzante",
                    "bunch_selector": false,
                    "price_instructions": {
                        "iva": 21,
                        "is_new": false,
                        "is_pack": false,
                        "pack_size": null,
                        "unit_name": null,
                        "unit_size": 0.75,
                        "bulk_price": "3.99",
                        "unit_price": "2.99",
                        "approx_size": false,
                        "size_format": "l",
                        "total_units": null,
                        "unit_selector": true,
                        "bunch_selector": false,
                        "drained_weight": null,
                        "price_decreased": false,
                        "reference_price": "3.99",
                        "min_bunch_amount": 1.0,
                        "reference_format": "L",
                        "increment_bunch_amount": 1.0
                    }
                },
                {
                    "id": "66505",
                    "limit": 1000,
                    "badges": {
                        "is_water": false,
                        "requires_age_check": true
                    },
                    "packaging": "Ampolla",
                    "thumbnail": "https://prod-mercadona.imgix.net/20190521/05/66505/vlc1/66505_00_02.jpg?fit=crop&h=206&w=206",
                    "display_name": "Vi blanc d'agulla escumós Blanc Pescador",
                    "bunch_selector": false,
                    "price_instructions": {
                        "iva": 21,
                        "is_new": false,
                        "is_pack": false,
                        "pack_size": null,
                        "unit_name": null,
                        "unit_size": 0.75,
                        "bulk_price": "5.32",
                        "unit_price": "3.99",
                        "approx_size": false,
                        "size_format": "l",
                        "total_units": null,
                        "unit_selector": true,
                        "bunch_selector": false,
                        "drained_weight": null,
                        "price_decreased": false,
                        "reference_price": "5.32",
                        "min_bunch_amount": 1.0,
                        "reference_format": "L",
                        "increment_bunch_amount": 1.0
                    }
                },
                {
                    "id": "66581",
                    "limit": 1000,
                    "badges": {
                        "is_water": false,
                        "requires_age_check": true
                    },
                    "packaging": "Ampolla",
                    "thumbnail": "https://prod-mercadona.imgix.net/20190521/81/66581/vlc1/66581_00_02.jpg?fit=crop&h=206&w=206",
                    "display_name": "Vi blanc 5 º graus frizzante V.Cristina escumós",
                    "bunch_selector": false,
                    "price_instructions": {
                        "iva": 21,
                        "is_new": false,
                        "is_pack": false,
                        "pack_size": null,
                        "unit_name": null,
                        "unit_size": 0.75,
                        "bulk_price": "2.20",
                        "unit_price": "1.65",
                        "approx_size": false,
                        "size_format": "l",
                        "total_units": null,
                        "unit_selector": true,
                        "bunch_selector": false,
                        "drained_weight": null,
                        "price_decreased": false,
                        "reference_price": "2.20",
                        "min_bunch_amount": 1.0,
                        "reference_format": "L",
                        "increment_bunch_amount": 1.0
                    }
                },
                {
                    "id": "66815",
                    "limit": 1000,
                    "badges": {
                        "is_water": false,
                        "requires_age_check": true
                    },
                    "packaging": "Ampolla",
                    "thumbnail": "https://prod-mercadona.imgix.net/20190521/15/66815/vlc1/66815_00_02.jpg?fit=crop&h=206&w=206",
                    "display_name": "Vi rosat escumós Mateus",
                    "bunch_selector": false,
                    "price_instructions": {
                        "iva": 21,
                        "is_new": false,
                        "is_pack": false,
                        "pack_size": null,
                        "unit_name": null,
                        "unit_size": 0.75,
                        "bulk_price": "5.32",
                        "unit_price": "3.99",
                        "approx_size": false,
                        "size_format": "l",
                        "total_units": null,
                        "unit_selector": true,
                        "bunch_selector": false,
                        "drained_weight": null,
                        "price_decreased": false,
                        "reference_price": "5.32",
                        "min_bunch_amount": 1.0,
                        "reference_format": "L",
                        "increment_bunch_amount": 1.0
                    }
                },
                {
                    "id": "37212",
                    "limit": 1000,
                    "badges": {
                        "is_water": false,
                        "requires_age_check": true
                    },
                    "packaging": "Ampolla",
                    "thumbnail": "https://prod-mercadona.imgix.net/20190521/12/37212/vlc1/37212_00_02.jpg?fit=crop&h=206&w=206",
                    "display_name": "Vi rosat afruitat escumós Peñascal",
                    "bunch_selector": false,
                    "price_instructions": {
                        "iva": 21,
                        "is_new": false,
                        "is_pack": false,
                        "pack_size": null,
                        "unit_name": null,
                        "unit_size": 0.75,
                        "bulk_price": "4.79",
                        "unit_price": "3.59",
                        "approx_size": false,
                        "size_format": "l",
                        "total_units": null,
                        "unit_selector": true,
                        "bunch_selector": false,
                        "drained_weight": null,
                        "price_decreased": false,
                        "reference_price": "4.79",
                        "min_bunch_amount": 1.0,
                        "reference_format": "L",
                        "increment_bunch_amount": 1.0
                    }
                },
                {
                    "id": "66458",
                    "limit": 1000,
                    "badges": {
                        "is_water": false,
                        "requires_age_check": true
                    },
                    "packaging": "Ampolla",
                    "thumbnail": "https://prod-mercadona.imgix.net/20190521/58/66458/vlc1/66458_00_02.jpg?fit=crop&h=206&w=206",
                    "display_name": "Vi rosat escumós dulZ.Ze frizzante",
                    "bunch_selector": false,
                    "price_instructions": {
                        "iva": 21,
                        "is_new": false,
                        "is_pack": false,
                        "pack_size": null,
                        "unit_name": null,
                        "unit_size": 0.75,
                        "bulk_price": "3.99",
                        "unit_price": "2.99",
                        "approx_size": false,
                        "size_format": "l",
                        "total_units": null,
                        "unit_selector": true,
                        "bunch_selector": false,
                        "drained_weight": null,
                        "price_decreased": false,
                        "reference_price": "3.99",
                        "min_bunch_amount": 1.0,
                        "reference_format": "L",
                        "increment_bunch_amount": 1.0
                    }
                },
                {
                    "id": "66582",
                    "limit": 1000,
                    "badges": {
                        "is_water": false,
                        "requires_age_check": true
                    },
                    "packaging": "Ampolla",
                    "thumbnail": "https://prod-mercadona.imgix.net/20190521/82/66582/vlc1/66582_00_02.jpg?fit=crop&h=206&w=206",
                    "display_name": "Vi rosat 5 º graus escumós V.Cristina frizzante",
                    "bunch_selector": false,
                    "price_instructions": {
                        "iva": 21,
                        "is_new": false,
                        "is_pack": false,
                        "pack_size": null,
                        "unit_name": null,
                        "unit_size": 0.75,
                        "bulk_price": "2.20",
                        "unit_price": "1.65",
                        "approx_size": false,
                        "size_format": "l",
                        "total_units": null,
                        "unit_selector": true,
                        "bunch_selector": false,
                        "drained_weight": null,
                        "price_decreased": false,
                        "reference_price": "2.20",
                        "min_bunch_amount": 1.0,
                        "reference_format": "L",
                        "increment_bunch_amount": 1.0
                    }
                }
            ],
            "is_extended": false
        },
        {
            "id": 171,
            "name": "Vi rosat",
            "layout": 1,
            "products": [
                {
                    "id": "37153",
                    "limit": 1000,
                    "badges": {
                        "is_water": false,
                        "requires_age_check": true
                    },
                    "packaging": "Ampolla",
                    "thumbnail": "https://prod-mercadona.imgix.net/20190521/53/37153/vlc1/37153_00_02.jpg?fit=crop&h=206&w=206",
                    "display_name": "Vi rosat DO la Manxa Fidencio",
                    "bunch_selector": false,
                    "price_instructions": {
                        "iva": 21,
                        "is_new": false,
                        "is_pack": false,
                        "pack_size": null,
                        "unit_name": null,
                        "unit_size": 0.75,
                        "bulk_price": "1.60",
                        "unit_price": "1.20",
                        "approx_size": false,
                        "size_format": "l",
                        "total_units": null,
                        "unit_selector": true,
                        "bunch_selector": false,
                        "drained_weight": null,
                        "price_decreased": false,
                        "reference_price": "1.60",
                        "min_bunch_amount": 1.0,
                        "reference_format": "L",
                        "increment_bunch_amount": 1.0
                    }
                },
                {
                    "id": "37002",
                    "limit": 1000,
                    "badges": {
                        "is_water": false,
                        "requires_age_check": true
                    },
                    "packaging": "Ampolla",
                    "thumbnail": "https://prod-mercadona.imgix.net/20190521/02/37002/vlc1/37002_00_02.jpg?fit=crop&h=206&w=206",
                    "display_name": "Vi rosat DO Navarra Hypatia",
                    "bunch_selector": false,
                    "price_instructions": {
                        "iva": 21,
                        "is_new": false,
                        "is_pack": false,
                        "pack_size": null,
                        "unit_name": null,
                        "unit_size": 0.75,
                        "bulk_price": "2.39",
                        "unit_price": "1.79",
                        "approx_size": false,
                        "size_format": "l",
                        "total_units": null,
                        "unit_selector": true,
                        "bunch_selector": false,
                        "drained_weight": null,
                        "price_decreased": false,
                        "reference_price": "2.39",
                        "min_bunch_amount": 1.0,
                        "reference_format": "L",
                        "increment_bunch_amount": 1.0
                    }
                },
                {
                    "id": "66126",
                    "limit": 1000,
                    "badges": {
                        "is_water": false,
                        "requires_age_check": true
                    },
                    "packaging": "Bric",
                    "thumbnail": "https://prod-mercadona.imgix.net/20190521/26/66126/vlc1/66126_00_02.jpg?fit=crop&h=206&w=206",
                    "display_name": "Vi rosat Casón Histórico",
                    "bunch_selector": false,
                    "price_instructions": {
                        "iva": 21,
                        "is_new": false,
                        "is_pack": false,
                        "pack_size": null,
                        "unit_name": null,
                        "unit_size": 1.0,
                        "bulk_price": "1.00",
                        "unit_price": "1.00",
                        "approx_size": false,
                        "size_format": "l",
                        "total_units": null,
                        "unit_selector": true,
                        "bunch_selector": false,
                        "drained_weight": null,
                        "price_decreased": false,
                        "reference_price": "1.00",
                        "min_bunch_amount": 0.0,
                        "reference_format": "L",
                        "increment_bunch_amount": 0.0
                    }
                },
                {
                    "id": "37806",
                    "limit": 1000,
                    "badges": {
                        "is_water": false,
                        "requires_age_check": true
                    },
                    "packaging": "Garrafa",
                    "thumbnail": "https://prod-mercadona.imgix.net/20190521/06/37806/vlc1/37806_00_02.jpg?fit=crop&h=206&w=206",
                    "display_name": "Vi rosat Dominio de Borgia",
                    "bunch_selector": false,
                    "price_instructions": {
                        "iva": 21,
                        "is_new": false,
                        "is_pack": false,
                        "pack_size": null,
                        "unit_name": null,
                        "unit_size": 5.0,
                        "bulk_price": "1.11",
                        "unit_price": "5.55",
                        "approx_size": false,
                        "size_format": "l",
                        "total_units": null,
                        "unit_selector": true,
                        "bunch_selector": false,
                        "drained_weight": null,
                        "price_decreased": false,
                        "reference_price": "1.11",
                        "min_bunch_amount": 1.0,
                        "reference_format": "L",
                        "increment_bunch_amount": 1.0
                    }
                },
                {
                    "id": "66313",
                    "limit": 1000,
                    "badges": {
                        "is_water": false,
                        "requires_age_check": true
                    },
                    "packaging": "Ampolla",
                    "thumbnail": "https://prod-mercadona.imgix.net/20190521/13/66313/vlc1/66313_00_02.jpg?fit=crop&h=206&w=206",
                    "display_name": "Vi rosat DO Rioja Comportillo collita",
                    "bunch_selector": false,
                    "price_instructions": {
                        "iva": 21,
                        "is_new": false,
                        "is_pack": false,
                        "pack_size": null,
                        "unit_name": null,
                        "unit_size": 0.75,
                        "bulk_price": "3.13",
                        "unit_price": "2.35",
                        "approx_size": false,
                        "size_format": "l",
                        "total_units": null,
                        "unit_selector": true,
                        "bunch_selector": false,
                        "drained_weight": null,
                        "price_decreased": false,
                        "reference_price": "3.13",
                        "min_bunch_amount": 1.0,
                        "reference_format": "L",
                        "increment_bunch_amount": 1.0
                    }
                },
                {
                    "id": "66281",
                    "limit": 1000,
                    "badges": {
                        "is_water": false,
                        "requires_age_check": true
                    },
                    "packaging": "Ampolla",
                    "thumbnail": "https://prod-mercadona.imgix.net/20190521/81/66281/vlc1/66281_00_02.jpg?fit=crop&h=206&w=206",
                    "display_name": "Vi rosat DO València Castillo de Liria",
                    "bunch_selector": false,
                    "price_instructions": {
                        "iva": 21,
                        "is_new": false,
                        "is_pack": false,
                        "pack_size": null,
                        "unit_name": null,
                        "unit_size": 0.75,
                        "bulk_price": "3.05",
                        "unit_price": "2.29",
                        "approx_size": false,
                        "size_format": "l",
                        "total_units": null,
                        "unit_selector": true,
                        "bunch_selector": false,
                        "drained_weight": null,
                        "price_decreased": false,
                        "reference_price": "3.05",
                        "min_bunch_amount": 1.0,
                        "reference_format": "L",
                        "increment_bunch_amount": 1.0
                    }
                },
                {
                    "id": "66580",
                    "limit": 1000,
                    "badges": {
                        "is_water": false,
                        "requires_age_check": true
                    },
                    "packaging": "Ampolla",
                    "thumbnail": "https://prod-mercadona.imgix.net/20190521/80/66580/vlc1/66580_00_02.jpg?fit=crop&h=206&w=206",
                    "display_name": "Vi rosat Alicia en el país de las uvas suau i dolcet",
                    "bunch_selector": false,
                    "price_instructions": {
                        "iva": 21,
                        "is_new": false,
                        "is_pack": false,
                        "pack_size": null,
                        "unit_name": null,
                        "unit_size": 0.75,
                        "bulk_price": "2.27",
                        "unit_price": "1.70",
                        "approx_size": false,
                        "size_format": "l",
                        "total_units": null,
                        "unit_selector": true,
                        "bunch_selector": false,
                        "drained_weight": null,
                        "price_decreased": false,
                        "reference_price": "2.27",
                        "min_bunch_amount": 1.0,
                        "reference_format": "L",
                        "increment_bunch_amount": 1.0
                    }
                },
                {
                    "id": "66368",
                    "limit": 1000,
                    "badges": {
                        "is_water": false,
                        "requires_age_check": true
                    },
                    "packaging": "Ampolla",
                    "thumbnail": "https://prod-mercadona.imgix.net/20190521/68/66368/vlc1/66368_00_02.jpg?fit=crop&h=206&w=206",
                    "display_name": "Vi rosat DO València Allegretto suau i afruitat",
                    "bunch_selector": false,
                    "price_instructions": {
                        "iva": 21,
                        "is_new": false,
                        "is_pack": false,
                        "pack_size": null,
                        "unit_name": null,
                        "unit_size": 0.75,
                        "bulk_price": "2.67",
                        "unit_price": "2.00",
                        "approx_size": false,
                        "size_format": "l",
                        "total_units": null,
                        "unit_selector": true,
                        "bunch_selector": false,
                        "drained_weight": null,
                        "price_decreased": false,
                        "reference_price": "2.67",
                        "min_bunch_amount": 1.0,
                        "reference_format": "L",
                        "increment_bunch_amount": 1.0
                    }
                }
            ],
            "is_extended": false
        },
        {
            "id": 169,
            "name": "Vi negre",
            "layout": 1,
            "products": [
                {
                    "id": "66753",
                    "limit": 1000,
                    "badges": {
                        "is_water": false,
                        "requires_age_check": true
                    },
                    "packaging": "Ampolla",
                    "thumbnail": "https://prod-mercadona.imgix.net/20190521/53/66753/vlc1/66753_00_02.jpg?fit=crop&h=206&w=206",
                    "display_name": "Vi negre Gran viñedo Hacendado",
                    "bunch_selector": false,
                    "price_instructions": {
                        "iva": 21,
                        "is_new": false,
                        "is_pack": false,
                        "pack_size": null,
                        "unit_name": null,
                        "unit_size": 0.75,
                        "bulk_price": "1.20",
                        "unit_price": "0.90",
                        "approx_size": false,
                        "size_format": "l",
                        "total_units": null,
                        "unit_selector": true,
                        "bunch_selector": false,
                        "drained_weight": null,
                        "price_decreased": false,
                        "reference_price": "1.20",
                        "min_bunch_amount": 1.0,
                        "reference_format": "L",
                        "increment_bunch_amount": 1.0
                    }
                },
                {
                    "id": "37139",
                    "limit": 1000,
                    "badges": {
                        "is_water": false,
                        "requires_age_check": true
                    },
                    "packaging": "Ampolla",
                    "thumbnail": "https://prod-mercadona.imgix.net/20190521/39/37139/vlc1/37139_00_02.jpg?fit=crop&h=206&w=206",
                    "display_name": "Vi negre DO la Manxa Fidencio",
                    "bunch_selector": false,
                    "price_instructions": {
                        "iva": 21,
                        "is_new": false,
                        "is_pack": false,
                        "pack_size": null,
                        "unit_name": null,
                        "unit_size": 0.75,
                        "bulk_price": "1.60",
                        "unit_price": "1.20",
                        "approx_size": false,
                        "size_format": "l",
                        "total_units": null,
                        "unit_selector": true,
                        "bunch_selector": false,
                        "drained_weight": null,
                        "price_decreased": false,
                        "reference_price": "1.60",
                        "min_bunch_amount": 1.0,
                        "reference_format": "L",
                        "increment_bunch_amount": 1.0
                    }
                },
                {
                    "id": "66302",
                    "limit": 1000,
                    "badges": {
                        "is_water": false,
                        "requires_age_check": true
                    },
                    "packaging": "Ampolla",
                    "thumbnail": "https://prod-mercadona.imgix.net/20190521/02/66302/vlc1/66302_00_02.jpg?fit=crop&h=206&w=206",
                    "display_name": "Vi negre DO Rioja Comportillo collita",
                    "bunch_selector": false,
                    "price_instructions": {
                        "iva": 21,
                        "is_new": false,
                        "is_pack": false,
                        "pack_size": null,
                        "unit_name": null,
                        "unit_size": 0.75,
                        "bulk_price": "3.13",
                        "unit_price": "2.35",
                        "approx_size": false,
                        "size_format": "l",
                        "total_units": null,
                        "unit_selector": true,
                        "bunch_selector": false,
                        "drained_weight": null,
                        "price_decreased": false,
                        "reference_price": "3.13",
                        "min_bunch_amount": 1.0,
                        "reference_format": "L",
                        "increment_bunch_amount": 1.0
                    }
                },
                {
                    "id": "66395",
                    "limit": 1000,
                    "badges": {
                        "is_water": false,
                        "requires_age_check": true
                    },
                    "packaging": "Ampolla",
                    "thumbnail": "https://prod-mercadona.imgix.net/20190521/95/66395/vlc1/66395_00_02.jpg?fit=crop&h=206&w=206",
                    "display_name": "Vi negre DO Rioja Faustino VII collita",
                    "bunch_selector": false,
                    "price_instructions": {
                        "iva": 21,
                        "is_new": false,
                        "is_pack": false,
                        "pack_size": null,
                        "unit_name": null,
                        "unit_size": 0.75,
                        "bulk_price": "5.00",
                        "unit_price": "3.75",
                        "approx_size": false,
                        "size_format": "l",
                        "total_units": null,
                        "unit_selector": true,
                        "bunch_selector": false,
                        "drained_weight": null,
                        "price_decreased": false,
                        "reference_price": "5.00",
                        "min_bunch_amount": 1.0,
                        "reference_format": "L",
                        "increment_bunch_amount": 1.0
                    }
                },
                {
                    "id": "66251",
                    "limit": 1000,
                    "badges": {
                        "is_water": false,
                        "requires_age_check": true
                    },
                    "packaging": "Ampolla",
                    "thumbnail": "https://prod-mercadona.imgix.net/20190521/51/66251/vlc1/66251_00_02.jpg?fit=crop&h=206&w=206",
                    "display_name": "Vi negre DO Rioja Arteso collita",
                    "bunch_selector": false,
                    "price_instructions": {
                        "iva": 21,
                        "is_new": false,
                        "is_pack": false,
                        "pack_size": null,
                        "unit_name": null,
                        "unit_size": 0.75,
                        "bulk_price": "4.67",
                        "unit_price": "3.50",
                        "approx_size": false,
                        "size_format": "l",
                        "total_units": null,
                        "unit_selector": true,
                        "bunch_selector": false,
                        "drained_weight": null,
                        "price_decreased": false,
                        "reference_price": "4.67",
                        "min_bunch_amount": 1.0,
                        "reference_format": "L",
                        "increment_bunch_amount": 1.0
                    }
                },
                {
                    "id": "37808",
                    "limit": 1000,
                    "badges": {
                        "is_water": false,
                        "requires_age_check": true
                    },
                    "packaging": "Ampolla",
                    "thumbnail": "https://prod-mercadona.imgix.net/20190521/08/37808/vlc1/37808_00_02.jpg?fit=crop&h=206&w=206",
                    "display_name": "Vi negre Dominio de Borgia",
                    "bunch_selector": false,
                    "price_instructions": {
                        "iva": 21,
                        "is_new": false,
                        "is_pack": false,
                        "pack_size": null,
                        "unit_name": null,
                        "unit_size": 2.0,
                        "bulk_price": "1.22",
                        "unit_price": "2.44",
                        "approx_size": false,
                        "size_format": "l",
                        "total_units": null,
                        "unit_selector": true,
                        "bunch_selector": false,
                        "drained_weight": null,
                        "price_decreased": false,
                        "reference_price": "1.22",
                        "min_bunch_amount": 1.0,
                        "reference_format": "L",
                        "increment_bunch_amount": 1.0
                    }
                },
                {
                    "id": "37805",
                    "limit": 1000,
                    "badges": {
                        "is_water": false,
                        "requires_age_check": true
                    },
                    "packaging": "Garrafa",
                    "thumbnail": "https://prod-mercadona.imgix.net/20190521/05/37805/vlc1/37805_00_02.jpg?fit=crop&h=206&w=206",
                    "display_name": "Vi negre Dominio de Borgia",
                    "bunch_selector": false,
                    "price_instructions": {
                        "iva": 21,
                        "is_new": false,
                        "is_pack": false,
                        "pack_size": null,
                        "unit_name": null,
                        "unit_size": 5.0,
                        "bulk_price": "1.11",
                        "unit_price": "5.55",
                        "approx_size": false,
                        "size_format": "l",
                        "total_units": null,
                        "unit_selector": true,
                        "bunch_selector": false,
                        "drained_weight": null,
                        "price_decreased": false,
                        "reference_price": "1.11",
                        "min_bunch_amount": 1.0,
                        "reference_format": "L",
                        "increment_bunch_amount": 1.0
                    }
                },
                {
                    "id": "37241",
                    "limit": 1000,
                    "badges": {
                        "is_water": false,
                        "requires_age_check": true
                    },
                    "packaging": "Ampolla",
                    "thumbnail": "https://prod-mercadona.imgix.net/20190521/41/37241/vlc1/37241_00_02.jpg?fit=crop&h=206&w=206",
                    "display_name": "Vi negre DO Ribera del Duero Abadía Mantrús reserva",
                    "bunch_selector": false,
                    "price_instructions": {
                        "iva": 21,
                        "is_new": false,
                        "is_pack": false,
                        "pack_size": null,
                        "unit_name": null,
                        "unit_size": 0.75,
                        "bulk_price": "7.20",
                        "unit_price": "5.40",
                        "approx_size": false,
                        "size_format": "l",
                        "total_units": null,
                        "unit_selector": true,
                        "bunch_selector": false,
                        "drained_weight": null,
                        "price_decreased": false,
                        "reference_price": "7.20",
                        "min_bunch_amount": 1.0,
                        "reference_format": "L",
                        "increment_bunch_amount": 1.0
                    }
                },
                {
                    "id": "37254",
                    "limit": 1000,
                    "badges": {
                        "is_water": false,
                        "requires_age_check": true
                    },
                    "packaging": "Ampolla",
                    "thumbnail": "https://prod-mercadona.imgix.net/20190521/54/37254/vlc1/37254_00_02.jpg?fit=crop&h=206&w=206",
                    "display_name": "Vi negre DO Ribera del Duero Abadía Mantrús gran reserva",
                    "bunch_selector": false,
                    "price_instructions": {
                        "iva": 21,
                        "is_new": false,
                        "is_pack": false,
                        "pack_size": null,
                        "unit_name": null,
                        "unit_size": 0.75,
                        "bulk_price": "12.67",
                        "unit_price": "9.50",
                        "approx_size": false,
                        "size_format": "l",
                        "total_units": null,
                        "unit_selector": true,
                        "bunch_selector": false,
                        "drained_weight": null,
                        "price_decreased": false,
                        "reference_price": "12.67",
                        "min_bunch_amount": 1.0,
                        "reference_format": "L",
                        "increment_bunch_amount": 1.0
                    }
                },
                {
                    "id": "37149",
                    "limit": 1000,
                    "badges": {
                        "is_water": false,
                        "requires_age_check": true
                    },
                    "packaging": "Ampolla",
                    "thumbnail": "https://prod-mercadona.imgix.net/20190521/49/37149/vlc1/37149_00_02.jpg?fit=crop&h=206&w=206",
                    "display_name": "Vi negre DO Valdepeñas Pata Negra gran reserva",
                    "bunch_selector": false,
                    "price_instructions": {
                        "iva": 21,
                        "is_new": false,
                        "is_pack": false,
                        "pack_size": null,
                        "unit_name": null,
                        "unit_size": 0.75,
                        "bulk_price": "3.53",
                        "unit_price": "2.65",
                        "approx_size": false,
                        "size_format": "l",
                        "total_units": null,
                        "unit_selector": true,
                        "bunch_selector": false,
                        "drained_weight": null,
                        "price_decreased": false,
                        "reference_price": "3.53",
                        "min_bunch_amount": 1.0,
                        "reference_format": "L",
                        "increment_bunch_amount": 1.0
                    }
                },
                {
                    "id": "37114",
                    "limit": 1000,
                    "badges": {
                        "is_water": false,
                        "requires_age_check": true
                    },
                    "packaging": "Ampolla",
                    "thumbnail": "https://prod-mercadona.imgix.net/20190521/14/37114/vlc1/37114_00_02.jpg?fit=crop&h=206&w=206",
                    "display_name": "Vi negre DO Valdepeñas Viña Albali reserva",
                    "bunch_selector": false,
                    "price_instructions": {
                        "iva": 21,
                        "is_new": false,
                        "is_pack": false,
                        "pack_size": null,
                        "unit_name": null,
                        "unit_size": 0.75,
                        "bulk_price": "4.65",
                        "unit_price": "3.49",
                        "approx_size": false,
                        "size_format": "l",
                        "total_units": null,
                        "unit_selector": true,
                        "bunch_selector": false,
                        "drained_weight": null,
                        "price_decreased": false,
                        "reference_price": "4.65",
                        "min_bunch_amount": 1.0,
                        "reference_format": "L",
                        "increment_bunch_amount": 1.0
                    }
                },
                {
                    "id": "37201",
                    "limit": 1000,
                    "badges": {
                        "is_water": false,
                        "requires_age_check": true
                    },
                    "packaging": "Ampolla",
                    "thumbnail": "https://prod-mercadona.imgix.net/20190521/01/37201/vlc1/37201_00_02.jpg?fit=crop&h=206&w=206",
                    "display_name": "Vi negre ull de llebre Fin del Río Fariña",
                    "bunch_selector": false,
                    "price_instructions": {
                        "iva": 21,
                        "is_new": false,
                        "is_pack": false,
                        "pack_size": null,
                        "unit_name": null,
                        "unit_size": 1.0,
                        "bulk_price": "1.97",
                        "unit_price": "1.97",
                        "approx_size": false,
                        "size_format": "l",
                        "total_units": null,
                        "unit_selector": true,
                        "bunch_selector": false,
                        "drained_weight": null,
                        "price_decreased": false,
                        "reference_price": "1.97",
                        "min_bunch_amount": 1.0,
                        "reference_format": "L",
                        "increment_bunch_amount": 1.0
                    }
                },
                {
                    "id": "37003",
                    "limit": 1000,
                    "badges": {
                        "is_water": false,
                        "requires_age_check": true
                    },
                    "packaging": "Ampolla",
                    "thumbnail": "https://prod-mercadona.imgix.net/20190521/03/37003/vlc1/37003_00_02.jpg?fit=crop&h=206&w=206",
                    "display_name": "Vi negre DO Navarra Señorío de Fitero roure",
                    "bunch_selector": false,
                    "price_instructions": {
                        "iva": 21,
                        "is_new": false,
                        "is_pack": false,
                        "pack_size": null,
                        "unit_name": null,
                        "unit_size": 0.75,
                        "bulk_price": "2.33",
                        "unit_price": "1.75",
                        "approx_size": false,
                        "size_format": "l",
                        "total_units": null,
                        "unit_selector": true,
                        "bunch_selector": false,
                        "drained_weight": null,
                        "price_decreased": false,
                        "reference_price": "2.33",
                        "min_bunch_amount": 1.0,
                        "reference_format": "L",
                        "increment_bunch_amount": 1.0
                    }
                },
                {
                    "id": "37259",
                    "limit": 1000,
                    "badges": {
                        "is_water": false,
                        "requires_age_check": true
                    },
                    "packaging": "Ampolla",
                    "thumbnail": "https://prod-mercadona.imgix.net/20190521/59/37259/vlc1/37259_00_02.jpg?fit=crop&h=206&w=206",
                    "display_name": "Vi negre DO Toro Conquero roure",
                    "bunch_selector": false,
                    "price_instructions": {
                        "iva": 21,
                        "is_new": false,
                        "is_pack": false,
                        "pack_size": null,
                        "unit_name": null,
                        "unit_size": 0.75,
                        "bulk_price": "3.53",
                        "unit_price": "2.65",
                        "approx_size": false,
                        "size_format": "l",
                        "total_units": null,
                        "unit_selector": true,
                        "bunch_selector": false,
                        "drained_weight": null,
                        "price_decreased": false,
                        "reference_price": "3.53",
                        "min_bunch_amount": 1.0,
                        "reference_format": "L",
                        "increment_bunch_amount": 1.0
                    }
                },
                {
                    "id": "37264",
                    "limit": 1000,
                    "badges": {
                        "is_water": false,
                        "requires_age_check": true
                    },
                    "packaging": "Ampolla",
                    "thumbnail": "https://prod-mercadona.imgix.net/20190521/64/37264/vlc1/37264_00_02.jpg?fit=crop&h=206&w=206",
                    "display_name": "Vi negre DO Toro Conquero jove",
                    "bunch_selector": false,
                    "price_instructions": {
                        "iva": 21,
                        "is_new": false,
                        "is_pack": false,
                        "pack_size": null,
                        "unit_name": null,
                        "unit_size": 0.75,
                        "bulk_price": "3.00",
                        "unit_price": "2.25",
                        "approx_size": false,
                        "size_format": "l",
                        "total_units": null,
                        "unit_selector": true,
                        "bunch_selector": false,
                        "drained_weight": null,
                        "price_decreased": false,
                        "reference_price": "3.00",
                        "min_bunch_amount": 1.0,
                        "reference_format": "L",
                        "increment_bunch_amount": 1.0
                    }
                },
                {
                    "id": "37156",
                    "limit": 1000,
                    "badges": {
                        "is_water": false,
                        "requires_age_check": true
                    },
                    "packaging": "Ampolla",
                    "thumbnail": "https://prod-mercadona.imgix.net/20190521/56/37156/vlc1/37156_00_02.jpg?fit=crop&h=206&w=206",
                    "display_name": "Vi negre ull de llebre El Mandamás The Guv'Nor",
                    "bunch_selector": false,
                    "price_instructions": {
                        "iva": 21,
                        "is_new": false,
                        "is_pack": false,
                        "pack_size": null,
                        "unit_name": null,
                        "unit_size": 0.75,
                        "bulk_price": "3.33",
                        "unit_price": "2.50",
                        "approx_size": false,
                        "size_format": "l",
                        "total_units": null,
                        "unit_selector": true,
                        "bunch_selector": false,
                        "drained_weight": null,
                        "price_decreased": false,
                        "reference_price": "3.33",
                        "min_bunch_amount": 1.0,
                        "reference_format": "L",
                        "increment_bunch_amount": 1.0
                    }
                },
                {
                    "id": "37005",
                    "limit": 1000,
                    "badges": {
                        "is_water": false,
                        "requires_age_check": true
                    },
                    "packaging": "Ampolla",
                    "thumbnail": "https://prod-mercadona.imgix.net/20190521/05/37005/vlc1/37005_00_02.jpg?fit=crop&h=206&w=206",
                    "display_name": "Vi negre sense sulfits afegits Davida DO Navarra",
                    "bunch_selector": false,
                    "price_instructions": {
                        "iva": 21,
                        "is_new": false,
                        "is_pack": false,
                        "pack_size": null,
                        "unit_name": null,
                        "unit_size": 0.75,
                        "bulk_price": "4.87",
                        "unit_price": "3.65",
                        "approx_size": false,
                        "size_format": "l",
                        "total_units": null,
                        "unit_selector": true,
                        "bunch_selector": false,
                        "drained_weight": null,
                        "price_decreased": false,
                        "reference_price": "4.87",
                        "min_bunch_amount": 1.0,
                        "reference_format": "L",
                        "increment_bunch_amount": 1.0
                    }
                },
                {
                    "id": "37265",
                    "limit": 1000,
                    "badges": {
                        "is_water": false,
                        "requires_age_check": true
                    },
                    "packaging": "Ampolla",
                    "thumbnail": "https://prod-mercadona.imgix.net/20190521/65/37265/vlc1/37265_00_02.jpg?fit=crop&h=206&w=206",
                    "display_name": "Vi negre DO Toro Gran Conquero madurat en bota 12 mesos",
                    "bunch_selector": false,
                    "price_instructions": {
                        "iva": 21,
                        "is_new": false,
                        "is_pack": false,
                        "pack_size": null,
                        "unit_name": null,
                        "unit_size": 0.75,
                        "bulk_price": "6.47",
                        "unit_price": "4.85",
                        "approx_size": false,
                        "size_format": "l",
                        "total_units": null,
                        "unit_selector": true,
                        "bunch_selector": false,
                        "drained_weight": null,
                        "price_decreased": false,
                        "reference_price": "6.47",
                        "min_bunch_amount": 1.0,
                        "reference_format": "L",
                        "increment_bunch_amount": 1.0
                    }
                },
                {
                    "id": "37234",
                    "limit": 1000,
                    "badges": {
                        "is_water": false,
                        "requires_age_check": true
                    },
                    "packaging": "Ampolla",
                    "thumbnail": "https://prod-mercadona.imgix.net/20190521/34/37234/vlc1/37234_00_02.jpg?fit=crop&h=206&w=206",
                    "display_name": "Vi negre DO Ribera del Duero Abadía Mantrús criança",
                    "bunch_selector": false,
                    "price_instructions": {
                        "iva": 21,
                        "is_new": false,
                        "is_pack": false,
                        "pack_size": null,
                        "unit_name": null,
                        "unit_size": 0.75,
                        "bulk_price": "5.20",
                        "unit_price": "3.90",
                        "approx_size": false,
                        "size_format": "l",
                        "total_units": null,
                        "unit_selector": true,
                        "bunch_selector": false,
                        "drained_weight": null,
                        "price_decreased": false,
                        "reference_price": "5.20",
                        "min_bunch_amount": 1.0,
                        "reference_format": "L",
                        "increment_bunch_amount": 1.0
                    }
                },
                {
                    "id": "37226",
                    "limit": 1000,
                    "badges": {
                        "is_water": false,
                        "requires_age_check": true
                    },
                    "packaging": "Ampolla",
                    "thumbnail": "https://prod-mercadona.imgix.net/20190521/26/37226/vlc1/37226_00_02.jpg?fit=crop&h=206&w=206",
                    "display_name": "Vi negre DO Ribera del Duero Abadía Mantrús roure",
                    "bunch_selector": false,
                    "price_instructions": {
                        "iva": 21,
                        "is_new": false,
                        "is_pack": false,
                        "pack_size": null,
                        "unit_name": null,
                        "unit_size": 0.75,
                        "bulk_price": "4.20",
                        "unit_price": "3.15",
                        "approx_size": false,
                        "size_format": "l",
                        "total_units": null,
                        "unit_selector": true,
                        "bunch_selector": false,
                        "drained_weight": null,
                        "price_decreased": false,
                        "reference_price": "4.20",
                        "min_bunch_amount": 1.0,
                        "reference_format": "L",
                        "increment_bunch_amount": 1.0
                    }
                },
                {
                    "id": "66404",
                    "limit": 1000,
                    "badges": {
                        "is_water": false,
                        "requires_age_check": true
                    },
                    "packaging": "Ampolla",
                    "thumbnail": "https://prod-mercadona.imgix.net/20190521/04/66404/vlc1/66404_00_02.jpg?fit=crop&h=206&w=206",
                    "display_name": "Vi negre DO Campo de Borja Borsao bota",
                    "bunch_selector": false,
                    "price_instructions": {
                        "iva": 21,
                        "is_new": false,
                        "is_pack": false,
                        "pack_size": null,
                        "unit_name": null,
                        "unit_size": 0.75,
                        "bulk_price": "3.01",
                        "unit_price": "2.26",
                        "approx_size": false,
                        "size_format": "l",
                        "total_units": null,
                        "unit_selector": true,
                        "bunch_selector": false,
                        "drained_weight": null,
                        "price_decreased": false,
                        "reference_price": "3.01",
                        "min_bunch_amount": 1.0,
                        "reference_format": "L",
                        "increment_bunch_amount": 1.0
                    }
                },
                {
                    "id": "66441",
                    "limit": 1000,
                    "badges": {
                        "is_water": false,
                        "requires_age_check": true
                    },
                    "packaging": "Ampolla",
                    "thumbnail": "https://prod-mercadona.imgix.net/20190521/41/66441/vlc1/66441_00_02.jpg?fit=crop&h=206&w=206",
                    "display_name": "Vi negre DO Cariñena Monte Ducay criança",
                    "bunch_selector": false,
                    "price_instructions": {
                        "iva": 21,
                        "is_new": false,
                        "is_pack": false,
                        "pack_size": null,
                        "unit_name": null,
                        "unit_size": 0.75,
                        "bulk_price": "2.47",
                        "unit_price": "1.85",
                        "approx_size": false,
                        "size_format": "l",
                        "total_units": null,
                        "unit_selector": true,
                        "bunch_selector": false,
                        "drained_weight": null,
                        "price_decreased": false,
                        "reference_price": "2.47",
                        "min_bunch_amount": 1.0,
                        "reference_format": "L",
                        "increment_bunch_amount": 1.0
                    }
                },
                {
                    "id": "66400",
                    "limit": 1000,
                    "badges": {
                        "is_water": false,
                        "requires_age_check": true
                    },
                    "packaging": "Ampolla",
                    "thumbnail": "https://prod-mercadona.imgix.net/20190521/00/66400/vlc1/66400_00_02.jpg?fit=crop&h=206&w=206",
                    "display_name": "Vi negre DO Campo de Borja Borsao",
                    "bunch_selector": false,
                    "price_instructions": {
                        "iva": 21,
                        "is_new": false,
                        "is_pack": false,
                        "pack_size": null,
                        "unit_name": null,
                        "unit_size": 0.75,
                        "bulk_price": "2.48",
                        "unit_price": "1.86",
                        "approx_size": false,
                        "size_format": "l",
                        "total_units": null,
                        "unit_selector": true,
                        "bunch_selector": false,
                        "drained_weight": null,
                        "price_decreased": false,
                        "reference_price": "2.48",
                        "min_bunch_amount": 1.0,
                        "reference_format": "L",
                        "increment_bunch_amount": 1.0
                    }
                },
                {
                    "id": "66440",
                    "limit": 1000,
                    "badges": {
                        "is_water": false,
                        "requires_age_check": true
                    },
                    "packaging": "Ampolla",
                    "thumbnail": "https://prod-mercadona.imgix.net/20190521/40/66440/vlc1/66440_00_02.jpg?fit=crop&h=206&w=206",
                    "display_name": "Vi negre DO Somontano Pico Aneto reserva",
                    "bunch_selector": false,
                    "price_instructions": {
                        "iva": 21,
                        "is_new": false,
                        "is_pack": false,
                        "pack_size": null,
                        "unit_name": null,
                        "unit_size": 0.75,
                        "bulk_price": "5.27",
                        "unit_price": "3.95",
                        "approx_size": false,
                        "size_format": "l",
                        "total_units": null,
                        "unit_selector": true,
                        "bunch_selector": false,
                        "drained_weight": null,
                        "price_decreased": false,
                        "reference_price": "5.27",
                        "min_bunch_amount": 1.0,
                        "reference_format": "L",
                        "increment_bunch_amount": 1.0
                    }
                },
                {
                    "id": "66406",
                    "limit": 1000,
                    "badges": {
                        "is_water": false,
                        "requires_age_check": true
                    },
                    "packaging": "Ampolla",
                    "thumbnail": "https://prod-mercadona.imgix.net/20190521/06/66406/vlc1/66406_00_02.jpg?fit=crop&h=206&w=206",
                    "display_name": "Vi negre DO Cariñena Monte Ducay reserva",
                    "bunch_selector": false,
                    "price_instructions": {
                        "iva": 21,
                        "is_new": false,
                        "is_pack": false,
                        "pack_size": null,
                        "unit_name": null,
                        "unit_size": 0.75,
                        "bulk_price": "3.80",
                        "unit_price": "2.85",
                        "approx_size": false,
                        "size_format": "l",
                        "total_units": null,
                        "unit_selector": true,
                        "bunch_selector": false,
                        "drained_weight": null,
                        "price_decreased": false,
                        "reference_price": "3.80",
                        "min_bunch_amount": 1.0,
                        "reference_format": "L",
                        "increment_bunch_amount": 1.0
                    }
                },
                {
                    "id": "66107",
                    "limit": 1000,
                    "badges": {
                        "is_water": false,
                        "requires_age_check": true
                    },
                    "packaging": "Bric",
                    "thumbnail": "https://prod-mercadona.imgix.net/20190521/07/66107/vlc1/66107_00_04.jpg?fit=crop&h=206&w=206",
                    "display_name": "Vi negre Don Simón",
                    "bunch_selector": false,
                    "price_instructions": {
                        "iva": 21,
                        "is_new": false,
                        "is_pack": false,
                        "pack_size": null,
                        "unit_name": null,
                        "unit_size": 1.0,
                        "bulk_price": "1.45",
                        "unit_price": "1.45",
                        "approx_size": false,
                        "size_format": "l",
                        "total_units": null,
                        "unit_selector": true,
                        "bunch_selector": false,
                        "drained_weight": null,
                        "price_decreased": false,
                        "reference_price": "1.45",
                        "min_bunch_amount": 1.0,
                        "reference_format": "L",
                        "increment_bunch_amount": 1.0
                    }
                },
                {
                    "id": "66295",
                    "limit": 1000,
                    "badges": {
                        "is_water": false,
                        "requires_age_check": true
                    },
                    "packaging": "Ampolla",
                    "thumbnail": "https://prod-mercadona.imgix.net/20190521/95/66295/vlc1/66295_00_02.jpg?fit=crop&h=206&w=206",
                    "display_name": "Vi negre DO Utiel-Requena Torre Oria criança",
                    "bunch_selector": false,
                    "price_instructions": {
                        "iva": 21,
                        "is_new": false,
                        "is_pack": false,
                        "pack_size": null,
                        "unit_name": null,
                        "unit_size": 0.75,
                        "bulk_price": "2.67",
                        "unit_price": "2.00",
                        "approx_size": false,
                        "size_format": "l",
                        "total_units": null,
                        "unit_selector": true,
                        "bunch_selector": false,
                        "drained_weight": null,
                        "price_decreased": false,
                        "reference_price": "2.67",
                        "min_bunch_amount": 1.0,
                        "reference_format": "L",
                        "increment_bunch_amount": 1.0
                    }
                },
                {
                    "id": "66338",
                    "limit": 1000,
                    "badges": {
                        "is_water": false,
                        "requires_age_check": true
                    },
                    "packaging": "Ampolla",
                    "thumbnail": "https://prod-mercadona.imgix.net/20190521/38/66338/vlc1/66338_00_02.jpg?fit=crop&h=206&w=206",
                    "display_name": "Vi negre DO Rioja Comportillo gran reserva",
                    "bunch_selector": false,
                    "price_instructions": {
                        "iva": 21,
                        "is_new": false,
                        "is_pack": false,
                        "pack_size": null,
                        "unit_name": null,
                        "unit_size": 0.75,
                        "bulk_price": "10.60",
                        "unit_price": "7.95",
                        "approx_size": false,
                        "size_format": "l",
                        "total_units": null,
                        "unit_selector": true,
                        "bunch_selector": false,
                        "drained_weight": null,
                        "price_decreased": false,
                        "reference_price": "10.60",
                        "min_bunch_amount": 1.0,
                        "reference_format": "L",
                        "increment_bunch_amount": 1.0
                    }
                },
                {
                    "id": "66120",
                    "limit": 1000,
                    "badges": {
                        "is_water": false,
                        "requires_age_check": true
                    },
                    "packaging": "Paquet-3",
                    "thumbnail": "https://prod-mercadona.imgix.net/20190521/20/66120/vlc1/66120_00_01.jpg?fit=crop&h=206&w=206",
                    "display_name": "Vi negre Cabernet Sauvignon Don Simón",
                    "bunch_selector": false,
                    "price_instructions": {
                        "iva": 21,
                        "is_new": false,
                        "is_pack": true,
                        "pack_size": 0.25,
                        "unit_name": "minibrics",
                        "unit_size": 0.75,
                        "bulk_price": "1.71",
                        "unit_price": "1.28",
                        "approx_size": false,
                        "size_format": "l",
                        "total_units": 3,
                        "unit_selector": true,
                        "bunch_selector": false,
                        "drained_weight": null,
                        "price_decreased": false,
                        "reference_price": "1.71",
                        "min_bunch_amount": 1.0,
                        "reference_format": "L",
                        "increment_bunch_amount": 1.0
                    }
                },
                {
                    "id": "66320",
                    "limit": 1000,
                    "badges": {
                        "is_water": false,
                        "requires_age_check": true
                    },
                    "packaging": "Ampolla",
                    "thumbnail": "https://prod-mercadona.imgix.net/20190521/20/66320/vlc1/66320_00_02.jpg?fit=crop&h=206&w=206",
                    "display_name": "Vi negre DO Rioja El Coto criança",
                    "bunch_selector": false,
                    "price_instructions": {
                        "iva": 21,
                        "is_new": false,
                        "is_pack": false,
                        "pack_size": null,
                        "unit_name": null,
                        "unit_size": 0.75,
                        "bulk_price": "7.80",
                        "unit_price": "5.85",
                        "approx_size": false,
                        "size_format": "l",
                        "total_units": null,
                        "unit_selector": true,
                        "bunch_selector": false,
                        "drained_weight": null,
                        "price_decreased": false,
                        "reference_price": "7.80",
                        "min_bunch_amount": 1.0,
                        "reference_format": "L",
                        "increment_bunch_amount": 1.0
                    }
                },
                {
                    "id": "66314",
                    "limit": 1000,
                    "badges": {
                        "is_water": false,
                        "requires_age_check": true
                    },
                    "packaging": "Ampolla",
                    "thumbnail": "https://prod-mercadona.imgix.net/20190521/14/66314/vlc1/66314_00_02.jpg?fit=crop&h=206&w=206",
                    "display_name": "Vi negre DO Rioja Cune criança",
                    "bunch_selector": false,
                    "price_instructions": {
                        "iva": 21,
                        "is_new": false,
                        "is_pack": false,
                        "pack_size": null,
                        "unit_name": null,
                        "unit_size": 0.75,
                        "bulk_price": "8.60",
                        "unit_price": "6.45",
                        "approx_size": false,
                        "size_format": "l",
                        "total_units": null,
                        "unit_selector": true,
                        "bunch_selector": false,
                        "drained_weight": null,
                        "price_decreased": false,
                        "reference_price": "8.60",
                        "min_bunch_amount": 1.0,
                        "reference_format": "L",
                        "increment_bunch_amount": 1.0
                    }
                },
                {
                    "id": "66321",
                    "limit": 1000,
                    "badges": {
                        "is_water": false,
                        "requires_age_check": true
                    },
                    "packaging": "Ampolla",
                    "thumbnail": "https://prod-mercadona.imgix.net/20190521/21/66321/vlc1/66321_00_02.jpg?fit=crop&h=206&w=206",
                    "display_name": "Vi negre DO Rioja Marqués de Cáceres criança",
                    "bunch_selector": false,
                    "price_instructions": {
                        "iva": 21,
                        "is_new": false,
                        "is_pack": false,
                        "pack_size": null,
                        "unit_name": null,
                        "unit_size": 0.75,
                        "bulk_price": "9.73",
                        "unit_price": "7.30",
                        "approx_size": false,
                        "size_format": "l",
                        "total_units": null,
                        "unit_selector": true,
                        "bunch_selector": false,
                        "drained_weight": null,
                        "price_decreased": false,
                        "reference_price": "9.73",
                        "min_bunch_amount": 1.0,
                        "reference_format": "L",
                        "increment_bunch_amount": 1.0
                    }
                },
                {
                    "id": "66346",
                    "limit": 1000,
                    "badges": {
                        "is_water": false,
                        "requires_age_check": true
                    },
                    "packaging": "Ampolla",
                    "thumbnail": "https://prod-mercadona.imgix.net/20190521/46/66346/vlc1/66346_00_02.jpg?fit=crop&h=206&w=206",
                    "display_name": "Vi negre DO Rioja Coto de Imaz reserva",
                    "bunch_selector": false,
                    "price_instructions": {
                        "iva": 21,
                        "is_new": false,
                        "is_pack": false,
                        "pack_size": null,
                        "unit_name": null,
                        "unit_size": 0.75,
                        "bulk_price": "11.00",
                        "unit_price": "8.25",
                        "approx_size": false,
                        "size_format": "l",
                        "total_units": null,
                        "unit_selector": true,
                        "bunch_selector": false,
                        "drained_weight": null,
                        "price_decreased": false,
                        "reference_price": "11.00",
                        "min_bunch_amount": 1.0,
                        "reference_format": "L",
                        "increment_bunch_amount": 1.0
                    }
                },
                {
                    "id": "66252",
                    "limit": 1000,
                    "badges": {
                        "is_water": false,
                        "requires_age_check": true
                    },
                    "packaging": "Ampolla",
                    "thumbnail": "https://prod-mercadona.imgix.net/20190521/52/66252/vlc1/66252_00_02.jpg?fit=crop&h=206&w=206",
                    "display_name": "Vi negre DO Rioja Arteso criança",
                    "bunch_selector": false,
                    "price_instructions": {
                        "iva": 21,
                        "is_new": false,
                        "is_pack": false,
                        "pack_size": null,
                        "unit_name": null,
                        "unit_size": 0.75,
                        "bulk_price": "6.00",
                        "unit_price": "4.50",
                        "approx_size": false,
                        "size_format": "l",
                        "total_units": null,
                        "unit_selector": true,
                        "bunch_selector": false,
                        "drained_weight": null,
                        "price_decreased": false,
                        "reference_price": "6.00",
                        "min_bunch_amount": 1.0,
                        "reference_format": "L",
                        "increment_bunch_amount": 1.0
                    }
                },
                {
                    "id": "66304",
                    "limit": 1000,
                    "badges": {
                        "is_water": false,
                        "requires_age_check": true
                    },
                    "packaging": "Ampolla",
                    "thumbnail": "https://prod-mercadona.imgix.net/20190521/04/66304/vlc1/66304_00_02.jpg?fit=crop&h=206&w=206",
                    "display_name": "Vi negre DO Rioja Herederos del Marqués de Riscal reserva",
                    "bunch_selector": false,
                    "price_instructions": {
                        "iva": 21,
                        "is_new": false,
                        "is_pack": false,
                        "pack_size": null,
                        "unit_name": null,
                        "unit_size": 0.75,
                        "bulk_price": "19.20",
                        "unit_price": "14.40",
                        "approx_size": false,
                        "size_format": "l",
                        "total_units": null,
                        "unit_selector": true,
                        "bunch_selector": false,
                        "drained_weight": null,
                        "price_decreased": false,
                        "reference_price": "19.20",
                        "min_bunch_amount": 1.0,
                        "reference_format": "L",
                        "increment_bunch_amount": 1.0
                    }
                },
                {
                    "id": "66253",
                    "limit": 1000,
                    "badges": {
                        "is_water": false,
                        "requires_age_check": true
                    },
                    "packaging": "Ampolla",
                    "thumbnail": "https://prod-mercadona.imgix.net/20190521/53/66253/vlc1/66253_00_02.jpg?fit=crop&h=206&w=206",
                    "display_name": "Vi negre DO Rioja Arteso reserva",
                    "bunch_selector": false,
                    "price_instructions": {
                        "iva": 21,
                        "is_new": false,
                        "is_pack": false,
                        "pack_size": null,
                        "unit_name": null,
                        "unit_size": 0.75,
                        "bulk_price": "9.33",
                        "unit_price": "7.00",
                        "approx_size": false,
                        "size_format": "l",
                        "total_units": null,
                        "unit_selector": true,
                        "bunch_selector": false,
                        "drained_weight": null,
                        "price_decreased": false,
                        "reference_price": "9.33",
                        "min_bunch_amount": 1.0,
                        "reference_format": "L",
                        "increment_bunch_amount": 1.0
                    }
                },
                {
                    "id": "66203",
                    "limit": 1000,
                    "badges": {
                        "is_water": false,
                        "requires_age_check": true
                    },
                    "packaging": "Ampolla",
                    "thumbnail": "https://prod-mercadona.imgix.net/20190521/03/66203/vlc1/66203_00_02.jpg?fit=crop&h=206&w=206",
                    "display_name": "Vi negre DO València L'Antigón",
                    "bunch_selector": false,
                    "price_instructions": {
                        "iva": 21,
                        "is_new": false,
                        "is_pack": false,
                        "pack_size": null,
                        "unit_name": null,
                        "unit_size": 0.75,
                        "bulk_price": "1.32",
                        "unit_price": "0.99",
                        "approx_size": false,
                        "size_format": "l",
                        "total_units": null,
                        "unit_selector": true,
                        "bunch_selector": false,
                        "drained_weight": null,
                        "price_decreased": false,
                        "reference_price": "1.32",
                        "min_bunch_amount": 1.0,
                        "reference_format": "L",
                        "increment_bunch_amount": 1.0
                    }
                },
                {
                    "id": "66241",
                    "limit": 1000,
                    "badges": {
                        "is_water": false,
                        "requires_age_check": true
                    },
                    "packaging": "Ampolla",
                    "thumbnail": "https://prod-mercadona.imgix.net/20190521/41/66241/vlc1/66241_00_02.jpg?fit=crop&h=206&w=206",
                    "display_name": "Vi negre DO Utiel-Requena Torre Oria reserva",
                    "bunch_selector": false,
                    "price_instructions": {
                        "iva": 21,
                        "is_new": false,
                        "is_pack": false,
                        "pack_size": null,
                        "unit_name": null,
                        "unit_size": 0.75,
                        "bulk_price": "3.80",
                        "unit_price": "2.85",
                        "approx_size": false,
                        "size_format": "l",
                        "total_units": null,
                        "unit_selector": true,
                        "bunch_selector": false,
                        "drained_weight": null,
                        "price_decreased": false,
                        "reference_price": "3.80",
                        "min_bunch_amount": 1.0,
                        "reference_format": "L",
                        "increment_bunch_amount": 1.0
                    }
                },
                {
                    "id": "66207",
                    "limit": 1000,
                    "badges": {
                        "is_water": false,
                        "requires_age_check": true
                    },
                    "packaging": "Ampolla",
                    "thumbnail": "https://prod-mercadona.imgix.net/20190521/07/66207/vlc1/66207_00_02.jpg?fit=crop&h=206&w=206",
                    "display_name": "Vi negre DO Utiel-Requena Enterizo",
                    "bunch_selector": false,
                    "price_instructions": {
                        "iva": 21,
                        "is_new": false,
                        "is_pack": false,
                        "pack_size": null,
                        "unit_name": null,
                        "unit_size": 0.75,
                        "bulk_price": "3.32",
                        "unit_price": "2.49",
                        "approx_size": false,
                        "size_format": "l",
                        "total_units": null,
                        "unit_selector": true,
                        "bunch_selector": false,
                        "drained_weight": null,
                        "price_decreased": false,
                        "reference_price": "3.32",
                        "min_bunch_amount": 1.0,
                        "reference_format": "L",
                        "increment_bunch_amount": 1.0
                    }
                },
                {
                    "id": "66222",
                    "limit": 1000,
                    "badges": {
                        "is_water": false,
                        "requires_age_check": true
                    },
                    "packaging": "Ampolla",
                    "thumbnail": "https://prod-mercadona.imgix.net/20190521/22/66222/vlc1/66222_00_02.jpg?fit=crop&h=206&w=206",
                    "display_name": "Vi negre DO Utiel-Requena Hoya de Cadenas reserva",
                    "bunch_selector": false,
                    "price_instructions": {
                        "iva": 21,
                        "is_new": false,
                        "is_pack": false,
                        "pack_size": null,
                        "unit_name": null,
                        "unit_size": 0.75,
                        "bulk_price": "5.32",
                        "unit_price": "3.99",
                        "approx_size": false,
                        "size_format": "l",
                        "total_units": null,
                        "unit_selector": true,
                        "bunch_selector": false,
                        "drained_weight": null,
                        "price_decreased": false,
                        "reference_price": "5.32",
                        "min_bunch_amount": 1.0,
                        "reference_format": "L",
                        "increment_bunch_amount": 1.0
                    }
                },
                {
                    "id": "66201",
                    "limit": 1000,
                    "badges": {
                        "is_water": false,
                        "requires_age_check": true
                    },
                    "packaging": "Ampolla",
                    "thumbnail": "https://prod-mercadona.imgix.net/20190521/01/66201/vlc1/66201_00_02.jpg?fit=crop&h=206&w=206",
                    "display_name": "Vi negre DO València Castillo de Liria",
                    "bunch_selector": false,
                    "price_instructions": {
                        "iva": 21,
                        "is_new": false,
                        "is_pack": false,
                        "pack_size": null,
                        "unit_name": null,
                        "unit_size": 0.75,
                        "bulk_price": "3.05",
                        "unit_price": "2.29",
                        "approx_size": false,
                        "size_format": "l",
                        "total_units": null,
                        "unit_selector": true,
                        "bunch_selector": false,
                        "drained_weight": null,
                        "price_decreased": false,
                        "reference_price": "3.05",
                        "min_bunch_amount": 1.0,
                        "reference_format": "L",
                        "increment_bunch_amount": 1.0
                    }
                },
                {
                    "id": "66325",
                    "limit": 1000,
                    "badges": {
                        "is_water": false,
                        "requires_age_check": true
                    },
                    "packaging": "Ampolla",
                    "thumbnail": "https://prod-mercadona.imgix.net/20190521/25/66325/vlc1/66325_00_00.jpg?fit=crop&h=206&w=206",
                    "display_name": "Vi negre DO Rioja Comportillo reserva",
                    "bunch_selector": false,
                    "price_instructions": {
                        "iva": 21,
                        "is_new": false,
                        "is_pack": false,
                        "pack_size": null,
                        "unit_name": null,
                        "unit_size": 0.75,
                        "bulk_price": "5.27",
                        "unit_price": "3.95",
                        "approx_size": false,
                        "size_format": "l",
                        "total_units": null,
                        "unit_selector": true,
                        "bunch_selector": false,
                        "drained_weight": null,
                        "price_decreased": false,
                        "reference_price": "5.27",
                        "min_bunch_amount": 1.0,
                        "reference_format": "L",
                        "increment_bunch_amount": 1.0
                    }
                },
                {
                    "id": "66125",
                    "limit": 1000,
                    "badges": {
                        "is_water": false,
                        "requires_age_check": true
                    },
                    "packaging": "Bric",
                    "thumbnail": "https://prod-mercadona.imgix.net/20190521/25/66125/vlc1/66125_00_02.jpg?fit=crop&h=206&w=206",
                    "display_name": "Vi negre Casón Histórico",
                    "bunch_selector": false,
                    "price_instructions": {
                        "iva": 21,
                        "is_new": false,
                        "is_pack": false,
                        "pack_size": null,
                        "unit_name": null,
                        "unit_size": 1.0,
                        "bulk_price": "1.00",
                        "unit_price": "1.00",
                        "approx_size": false,
                        "size_format": "l",
                        "total_units": null,
                        "unit_selector": true,
                        "bunch_selector": false,
                        "drained_weight": null,
                        "price_decreased": false,
                        "reference_price": "1.00",
                        "min_bunch_amount": 0.0,
                        "reference_format": "L",
                        "increment_bunch_amount": 0.0
                    }
                },
                {
                    "id": "66349",
                    "limit": 1000,
                    "badges": {
                        "is_water": false,
                        "requires_age_check": true
                    },
                    "packaging": "Ampolla",
                    "thumbnail": "https://prod-mercadona.imgix.net/20190521/49/66349/vlc1/66349_00_02.jpg?fit=crop&h=206&w=206",
                    "display_name": "Vi negre Caperucita tinta Torre Oria suau",
                    "bunch_selector": false,
                    "price_instructions": {
                        "iva": 21,
                        "is_new": false,
                        "is_pack": false,
                        "pack_size": null,
                        "unit_name": null,
                        "unit_size": 0.75,
                        "bulk_price": "2.20",
                        "unit_price": "1.65",
                        "approx_size": false,
                        "size_format": "l",
                        "total_units": null,
                        "unit_selector": true,
                        "bunch_selector": false,
                        "drained_weight": null,
                        "price_decreased": false,
                        "reference_price": "2.20",
                        "min_bunch_amount": 1.0,
                        "reference_format": "L",
                        "increment_bunch_amount": 1.0
                    }
                },
                {
                    "id": "66704",
                    "limit": 1000,
                    "badges": {
                        "is_water": false,
                        "requires_age_check": true
                    },
                    "packaging": "Garrafa",
                    "thumbnail": "https://prod-mercadona.imgix.net/20190521/04/66704/vlc1/66704_00_02.jpg?fit=crop&h=206&w=206",
                    "display_name": "Vi negre Masía de Altigón",
                    "bunch_selector": false,
                    "price_instructions": {
                        "iva": 21,
                        "is_new": false,
                        "is_pack": false,
                        "pack_size": null,
                        "unit_name": null,
                        "unit_size": 5.0,
                        "bulk_price": "1.00",
                        "unit_price": "5.00",
                        "approx_size": false,
                        "size_format": "l",
                        "total_units": null,
                        "unit_selector": true,
                        "bunch_selector": false,
                        "drained_weight": null,
                        "price_decreased": false,
                        "reference_price": "1.00",
                        "min_bunch_amount": 0.0,
                        "reference_format": "L",
                        "increment_bunch_amount": 0.0
                    }
                },
                {
                    "id": "66370",
                    "limit": 1000,
                    "badges": {
                        "is_water": false,
                        "requires_age_check": true
                    },
                    "packaging": "Ampolla",
                    "thumbnail": "https://prod-mercadona.imgix.net/20190521/70/66370/vlc1/66370_00_02.jpg?fit=crop&h=206&w=206",
                    "display_name": "Vi negre DO Rioja Comportillo criança",
                    "bunch_selector": false,
                    "price_instructions": {
                        "iva": 21,
                        "is_new": false,
                        "is_pack": false,
                        "pack_size": null,
                        "unit_name": null,
                        "unit_size": 0.75,
                        "bulk_price": "3.93",
                        "unit_price": "2.95",
                        "approx_size": false,
                        "size_format": "l",
                        "total_units": null,
                        "unit_selector": true,
                        "bunch_selector": false,
                        "drained_weight": null,
                        "price_decreased": false,
                        "reference_price": "3.93",
                        "min_bunch_amount": 1.0,
                        "reference_format": "L",
                        "increment_bunch_amount": 1.0
                    }
                },
                {
                    "id": "66565",
                    "limit": 1000,
                    "badges": {
                        "is_water": false,
                        "requires_age_check": true
                    },
                    "packaging": "Paquet-3",
                    "thumbnail": "https://prod-mercadona.imgix.net/20190521/65/66565/vlc1/66565_00_01.jpg?fit=crop&h=206&w=206",
                    "display_name": "Vi negre DO Rioja Reservado criança",
                    "bunch_selector": false,
                    "price_instructions": {
                        "iva": 21,
                        "is_new": false,
                        "is_pack": true,
                        "pack_size": 0.187,
                        "unit_name": "u.",
                        "unit_size": 0.561,
                        "bulk_price": "7.49",
                        "unit_price": "4.20",
                        "approx_size": false,
                        "size_format": "l",
                        "total_units": 3,
                        "unit_selector": true,
                        "bunch_selector": false,
                        "drained_weight": null,
                        "price_decreased": false,
                        "reference_price": "7.49",
                        "min_bunch_amount": 1.0,
                        "reference_format": "L",
                        "increment_bunch_amount": 1.0
                    }
                },
                {
                    "id": "66365",
                    "limit": 1000,
                    "badges": {
                        "is_water": false,
                        "requires_age_check": true
                    },
                    "packaging": "Ampolla",
                    "thumbnail": "https://prod-mercadona.imgix.net/20190521/65/66365/vlc1/66365_00_02.jpg?fit=crop&h=206&w=206",
                    "display_name": "Vi negre DO Rioja Barón de las Viñas gran reserva",
                    "bunch_selector": false,
                    "price_instructions": {
                        "iva": 21,
                        "is_new": false,
                        "is_pack": false,
                        "pack_size": null,
                        "unit_name": null,
                        "unit_size": 0.75,
                        "bulk_price": "10.60",
                        "unit_price": "7.95",
                        "approx_size": false,
                        "size_format": "l",
                        "total_units": null,
                        "unit_selector": true,
                        "bunch_selector": false,
                        "drained_weight": null,
                        "price_decreased": false,
                        "reference_price": "10.60",
                        "min_bunch_amount": 1.0,
                        "reference_format": "L",
                        "increment_bunch_amount": 1.0
                    }
                },
                {
                    "id": "66521",
                    "limit": 1000,
                    "badges": {
                        "is_water": false,
                        "requires_age_check": true
                    },
                    "packaging": "Ampolla",
                    "thumbnail": "https://prod-mercadona.imgix.net/20190521/21/66521/vlc1/66521_00_02.jpg?fit=crop&h=206&w=206",
                    "display_name": "Vi negre DO Utiel-Requena Viña Guarda reserva",
                    "bunch_selector": false,
                    "price_instructions": {
                        "iva": 21,
                        "is_new": false,
                        "is_pack": false,
                        "pack_size": null,
                        "unit_name": null,
                        "unit_size": 0.75,
                        "bulk_price": "3.13",
                        "unit_price": "2.35",
                        "approx_size": false,
                        "size_format": "l",
                        "total_units": null,
                        "unit_selector": true,
                        "bunch_selector": false,
                        "drained_weight": null,
                        "price_decreased": false,
                        "reference_price": "3.13",
                        "min_bunch_amount": 1.0,
                        "reference_format": "L",
                        "increment_bunch_amount": 1.0
                    }
                },
                {
                    "id": "66484",
                    "limit": 1000,
                    "badges": {
                        "is_water": false,
                        "requires_age_check": true
                    },
                    "packaging": "Ampolla",
                    "thumbnail": "https://prod-mercadona.imgix.net/20190521/84/66484/vlc1/66484_00_02.jpg?fit=crop&h=206&w=206",
                    "display_name": "Vi negre DO Utiel-Requena Viñedo antiguo Torre Oria",
                    "bunch_selector": false,
                    "price_instructions": {
                        "iva": 21,
                        "is_new": false,
                        "is_pack": false,
                        "pack_size": null,
                        "unit_name": null,
                        "unit_size": 0.75,
                        "bulk_price": "3.87",
                        "unit_price": "2.90",
                        "approx_size": false,
                        "size_format": "l",
                        "total_units": null,
                        "unit_selector": true,
                        "bunch_selector": false,
                        "drained_weight": null,
                        "price_decreased": false,
                        "reference_price": "3.87",
                        "min_bunch_amount": 1.0,
                        "reference_format": "L",
                        "increment_bunch_amount": 1.0
                    }
                },
                {
                    "id": "66744",
                    "limit": 1000,
                    "badges": {
                        "is_water": false,
                        "requires_age_check": true
                    },
                    "packaging": "Ampolla",
                    "thumbnail": "https://prod-mercadona.imgix.net/20190521/44/66744/vlc1/66744_00_02.jpg?fit=crop&h=206&w=206",
                    "display_name": "Vi negre gran selecció Armónico",
                    "bunch_selector": false,
                    "price_instructions": {
                        "iva": 21,
                        "is_new": false,
                        "is_pack": false,
                        "pack_size": null,
                        "unit_name": null,
                        "unit_size": 0.75,
                        "bulk_price": "2.92",
                        "unit_price": "2.19",
                        "approx_size": false,
                        "size_format": "l",
                        "total_units": null,
                        "unit_selector": true,
                        "bunch_selector": false,
                        "drained_weight": null,
                        "price_decreased": false,
                        "reference_price": "2.92",
                        "min_bunch_amount": 1.0,
                        "reference_format": "L",
                        "increment_bunch_amount": 1.0
                    }
                },
                {
                    "id": "66673",
                    "limit": 1000,
                    "badges": {
                        "is_water": false,
                        "requires_age_check": true
                    },
                    "packaging": "Ampolla",
                    "thumbnail": "https://prod-mercadona.imgix.net/20190521/73/66673/vlc1/66673_00_02.jpg?fit=crop&h=206&w=206",
                    "display_name": "Vi negre dolç d'agulla Sangue di Giuda Cueva peccato",
                    "bunch_selector": false,
                    "price_instructions": {
                        "iva": 21,
                        "is_new": false,
                        "is_pack": false,
                        "pack_size": null,
                        "unit_name": null,
                        "unit_size": 0.75,
                        "bulk_price": "5.00",
                        "unit_price": "3.75",
                        "approx_size": false,
                        "size_format": "l",
                        "total_units": null,
                        "unit_selector": true,
                        "bunch_selector": false,
                        "drained_weight": null,
                        "price_decreased": false,
                        "reference_price": "5.00",
                        "min_bunch_amount": 1.0,
                        "reference_format": "L",
                        "increment_bunch_amount": 1.0
                    }
                },
                {
                    "id": "66737",
                    "limit": 1000,
                    "badges": {
                        "is_water": false,
                        "requires_age_check": true
                    },
                    "packaging": "Ampolla",
                    "thumbnail": "https://prod-mercadona.imgix.net/20190521/37/66737/vlc1/66737_00_02.jpg?fit=crop&h=206&w=206",
                    "display_name": "Vi negre DO Priorat Caprici criança",
                    "bunch_selector": false,
                    "price_instructions": {
                        "iva": 21,
                        "is_new": false,
                        "is_pack": false,
                        "pack_size": null,
                        "unit_name": null,
                        "unit_size": 0.75,
                        "bulk_price": "6.00",
                        "unit_price": "4.50",
                        "approx_size": false,
                        "size_format": "l",
                        "total_units": null,
                        "unit_selector": true,
                        "bunch_selector": false,
                        "drained_weight": null,
                        "price_decreased": false,
                        "reference_price": "6.00",
                        "min_bunch_amount": 1.0,
                        "reference_format": "L",
                        "increment_bunch_amount": 1.0
                    }
                },
                {
                    "id": "66710",
                    "limit": 1000,
                    "badges": {
                        "is_water": false,
                        "requires_age_check": true
                    },
                    "packaging": "Ampolla",
                    "thumbnail": "https://prod-mercadona.imgix.net/20190521/10/66710/vlc1/66710_00_02.jpg?fit=crop&h=206&w=206",
                    "display_name": "Vi negre ull de llebre Elegido",
                    "bunch_selector": false,
                    "price_instructions": {
                        "iva": 21,
                        "is_new": false,
                        "is_pack": false,
                        "pack_size": null,
                        "unit_name": null,
                        "unit_size": 1.0,
                        "bulk_price": "1.76",
                        "unit_price": "1.76",
                        "approx_size": false,
                        "size_format": "l",
                        "total_units": null,
                        "unit_selector": true,
                        "bunch_selector": false,
                        "drained_weight": null,
                        "price_decreased": false,
                        "reference_price": "1.76",
                        "min_bunch_amount": 0.0,
                        "reference_format": "L",
                        "increment_bunch_amount": 0.0
                    }
                },
                {
                    "id": "66735",
                    "limit": 1000,
                    "badges": {
                        "is_water": false,
                        "requires_age_check": true
                    },
                    "packaging": "Ampolla",
                    "thumbnail": "https://prod-mercadona.imgix.net/20190521/35/66735/vlc1/66735_00_02.jpg?fit=crop&h=206&w=206",
                    "display_name": "Vi negre selecció Armónico",
                    "bunch_selector": false,
                    "price_instructions": {
                        "iva": 21,
                        "is_new": false,
                        "is_pack": false,
                        "pack_size": null,
                        "unit_name": null,
                        "unit_size": 0.75,
                        "bulk_price": "2.53",
                        "unit_price": "1.90",
                        "approx_size": false,
                        "size_format": "l",
                        "total_units": null,
                        "unit_selector": true,
                        "bunch_selector": false,
                        "drained_weight": null,
                        "price_decreased": false,
                        "reference_price": "2.53",
                        "min_bunch_amount": 1.0,
                        "reference_format": "L",
                        "increment_bunch_amount": 1.0
                    }
                },
                {
                    "id": "37151",
                    "limit": 1000,
                    "badges": {
                        "is_water": false,
                        "requires_age_check": true
                    },
                    "packaging": "Paquet-4",
                    "thumbnail": "https://prod-mercadona.imgix.net/20190521/51/37151/vlc1/37151_00_01.jpg?fit=crop&h=206&w=206",
                    "display_name": "Vi negre DO Valdepeñas Pata Negra gran reserva",
                    "bunch_selector": false,
                    "price_instructions": {
                        "iva": 21,
                        "is_new": false,
                        "is_pack": true,
                        "pack_size": 0.75,
                        "unit_name": "ampolles",
                        "unit_size": 3.0,
                        "bulk_price": "3.50",
                        "unit_price": "10.50",
                        "approx_size": false,
                        "size_format": "l",
                        "total_units": 4,
                        "unit_selector": true,
                        "bunch_selector": false,
                        "drained_weight": null,
                        "price_decreased": false,
                        "reference_price": "3.50",
                        "min_bunch_amount": 1.0,
                        "reference_format": "L",
                        "increment_bunch_amount": 1.0
                    }
                },
                {
                    "id": "37141",
                    "limit": 1000,
                    "badges": {
                        "is_water": false,
                        "requires_age_check": true
                    },
                    "packaging": "Ampolla",
                    "thumbnail": "https://prod-mercadona.imgix.net/20190521/41/37141/vlc1/37141_00_02.jpg?fit=crop&h=206&w=206",
                    "display_name": "Vi negre DO la Manxa Fidencio reserva",
                    "bunch_selector": false,
                    "price_instructions": {
                        "iva": 21,
                        "is_new": false,
                        "is_pack": false,
                        "pack_size": null,
                        "unit_name": null,
                        "unit_size": 0.75,
                        "bulk_price": "2.53",
                        "unit_price": "1.90",
                        "approx_size": false,
                        "size_format": "l",
                        "total_units": null,
                        "unit_selector": true,
                        "bunch_selector": false,
                        "drained_weight": null,
                        "price_decreased": false,
                        "reference_price": "2.53",
                        "min_bunch_amount": 1.0,
                        "reference_format": "L",
                        "increment_bunch_amount": 1.0
                    }
                },
                {
                    "id": "37124",
                    "limit": 1000,
                    "badges": {
                        "is_water": false,
                        "requires_age_check": true
                    },
                    "packaging": "Ampolla",
                    "thumbnail": "https://prod-mercadona.imgix.net/20190521/24/37124/vlc1/37124_00_02.jpg?fit=crop&h=206&w=206",
                    "display_name": "Vi negre DO la Manxa Estola criança",
                    "bunch_selector": false,
                    "price_instructions": {
                        "iva": 21,
                        "is_new": false,
                        "is_pack": false,
                        "pack_size": null,
                        "unit_name": null,
                        "unit_size": 0.75,
                        "bulk_price": "4.13",
                        "unit_price": "3.10",
                        "approx_size": false,
                        "size_format": "l",
                        "total_units": null,
                        "unit_selector": true,
                        "bunch_selector": false,
                        "drained_weight": null,
                        "price_decreased": false,
                        "reference_price": "4.13",
                        "min_bunch_amount": 1.0,
                        "reference_format": "L",
                        "increment_bunch_amount": 1.0
                    }
                },
                {
                    "id": "66567",
                    "limit": 1000,
                    "badges": {
                        "is_water": false,
                        "requires_age_check": true
                    },
                    "packaging": "Ampolla",
                    "thumbnail": "https://prod-mercadona.imgix.net/20190521/67/66567/vlc1/66567_00_02.jpg?fit=crop&h=206&w=206",
                    "display_name": "Vi negre Ostras Pedrín!",
                    "bunch_selector": false,
                    "price_instructions": {
                        "iva": 21,
                        "is_new": false,
                        "is_pack": false,
                        "pack_size": null,
                        "unit_name": null,
                        "unit_size": 0.75,
                        "bulk_price": "3.53",
                        "unit_price": "2.65",
                        "approx_size": false,
                        "size_format": "l",
                        "total_units": null,
                        "unit_selector": true,
                        "bunch_selector": false,
                        "drained_weight": null,
                        "price_decreased": false,
                        "reference_price": "3.53",
                        "min_bunch_amount": 1.0,
                        "reference_format": "L",
                        "increment_bunch_amount": 1.0
                    }
                },
                {
                    "id": "66377",
                    "limit": 1000,
                    "badges": {
                        "is_water": false,
                        "requires_age_check": true
                    },
                    "packaging": "Ampolla",
                    "thumbnail": "https://prod-mercadona.imgix.net/20190521/77/66377/vlc1/66377_00_02.jpg?fit=crop&h=206&w=206",
                    "display_name": "Vi negre DO Rioja Reservado reserva",
                    "bunch_selector": false,
                    "price_instructions": {
                        "iva": 21,
                        "is_new": false,
                        "is_pack": false,
                        "pack_size": null,
                        "unit_name": null,
                        "unit_size": 0.75,
                        "bulk_price": "5.27",
                        "unit_price": "3.95",
                        "approx_size": false,
                        "size_format": "l",
                        "total_units": null,
                        "unit_selector": true,
                        "bunch_selector": false,
                        "drained_weight": null,
                        "price_decreased": false,
                        "reference_price": "5.27",
                        "min_bunch_amount": 1.0,
                        "reference_format": "L",
                        "increment_bunch_amount": 1.0
                    }
                },
                {
                    "id": "37159",
                    "limit": 1000,
                    "badges": {
                        "is_water": false,
                        "requires_age_check": true
                    },
                    "packaging": "Ampolla",
                    "thumbnail": "https://prod-mercadona.imgix.net/20190521/59/37159/vlc1/37159_00_02.jpg?fit=crop&h=206&w=206",
                    "display_name": "Vi negre Monastrell Torre Oria",
                    "bunch_selector": false,
                    "price_instructions": {
                        "iva": 21,
                        "is_new": false,
                        "is_pack": false,
                        "pack_size": null,
                        "unit_name": null,
                        "unit_size": 0.75,
                        "bulk_price": "4.33",
                        "unit_price": "3.25",
                        "approx_size": false,
                        "size_format": "l",
                        "total_units": null,
                        "unit_selector": true,
                        "bunch_selector": false,
                        "drained_weight": null,
                        "price_decreased": false,
                        "reference_price": "4.33",
                        "min_bunch_amount": 1.0,
                        "reference_format": "L",
                        "increment_bunch_amount": 1.0
                    }
                },
                {
                    "id": "37255",
                    "limit": 1000,
                    "badges": {
                        "is_water": false,
                        "requires_age_check": true
                    },
                    "packaging": "Ampolla",
                    "thumbnail": "https://prod-mercadona.imgix.net/20190521/55/37255/vlc1/37255_00_02.jpg?fit=crop&h=206&w=206",
                    "display_name": "Vi negre DO Ribera del Duero Condado de Teón roure",
                    "bunch_selector": false,
                    "price_instructions": {
                        "iva": 21,
                        "is_new": false,
                        "is_pack": false,
                        "pack_size": null,
                        "unit_name": null,
                        "unit_size": 0.75,
                        "bulk_price": "6.60",
                        "unit_price": "4.95",
                        "approx_size": false,
                        "size_format": "l",
                        "total_units": null,
                        "unit_selector": true,
                        "bunch_selector": false,
                        "drained_weight": null,
                        "price_decreased": false,
                        "reference_price": "6.60",
                        "min_bunch_amount": 1.0,
                        "reference_format": "L",
                        "increment_bunch_amount": 1.0
                    }
                },
                {
                    "id": "37256",
                    "limit": 1000,
                    "badges": {
                        "is_water": false,
                        "requires_age_check": true
                    },
                    "packaging": "Ampolla",
                    "thumbnail": "https://prod-mercadona.imgix.net/20190521/56/37256/vlc1/37256_00_02.jpg?fit=crop&h=206&w=206",
                    "display_name": "Vi negre DO Ribera del Duero Condado de Teón criança",
                    "bunch_selector": false,
                    "price_instructions": {
                        "iva": 21,
                        "is_new": false,
                        "is_pack": false,
                        "pack_size": null,
                        "unit_name": null,
                        "unit_size": 0.75,
                        "bulk_price": "8.67",
                        "unit_price": "6.50",
                        "approx_size": false,
                        "size_format": "l",
                        "total_units": null,
                        "unit_selector": true,
                        "bunch_selector": false,
                        "drained_weight": null,
                        "price_decreased": false,
                        "reference_price": "8.67",
                        "min_bunch_amount": 1.0,
                        "reference_format": "L",
                        "increment_bunch_amount": 1.0
                    }
                },
                {
                    "id": "37125",
                    "limit": 1000,
                    "badges": {
                        "is_water": false,
                        "requires_age_check": true
                    },
                    "packaging": "Ampolla",
                    "thumbnail": "https://prod-mercadona.imgix.net/20190521/25/37125/vlc1/37125_00_02.jpg?fit=crop&h=206&w=206",
                    "display_name": "Vi negre DO la Manxa Estola reserva",
                    "bunch_selector": false,
                    "price_instructions": {
                        "iva": 21,
                        "is_new": false,
                        "is_pack": false,
                        "pack_size": null,
                        "unit_name": null,
                        "unit_size": 0.75,
                        "bulk_price": "4.87",
                        "unit_price": "3.65",
                        "approx_size": false,
                        "size_format": "l",
                        "total_units": null,
                        "unit_selector": true,
                        "bunch_selector": false,
                        "drained_weight": null,
                        "price_decreased": false,
                        "reference_price": "4.87",
                        "min_bunch_amount": 1.0,
                        "reference_format": "L",
                        "increment_bunch_amount": 1.0
                    }
                },
                {
                    "id": "37137",
                    "limit": 1000,
                    "badges": {
                        "is_water": false,
                        "requires_age_check": true
                    },
                    "packaging": "Ampolla",
                    "thumbnail": "https://prod-mercadona.imgix.net/20190521/37/37137/vlc1/37137_00_02.jpg?fit=crop&h=206&w=206",
                    "display_name": "Vi negre DO Valdepeñas Señorío de los Llanos criança",
                    "bunch_selector": false,
                    "price_instructions": {
                        "iva": 21,
                        "is_new": false,
                        "is_pack": false,
                        "pack_size": null,
                        "unit_name": null,
                        "unit_size": 1.0,
                        "bulk_price": "2.95",
                        "unit_price": "2.95",
                        "approx_size": false,
                        "size_format": "l",
                        "total_units": null,
                        "unit_selector": true,
                        "bunch_selector": false,
                        "drained_weight": null,
                        "price_decreased": false,
                        "reference_price": "2.95",
                        "min_bunch_amount": 1.0,
                        "reference_format": "L",
                        "increment_bunch_amount": 1.0
                    }
                },
                {
                    "id": "37134",
                    "limit": 1000,
                    "badges": {
                        "is_water": false,
                        "requires_age_check": true
                    },
                    "packaging": "Ampolla",
                    "thumbnail": "https://prod-mercadona.imgix.net/20190521/34/37134/vlc1/37134_00_02.jpg?fit=crop&h=206&w=206",
                    "display_name": "Vi negre DO Valdepeñas Viña Albali criança",
                    "bunch_selector": false,
                    "price_instructions": {
                        "iva": 21,
                        "is_new": false,
                        "is_pack": false,
                        "pack_size": null,
                        "unit_name": null,
                        "unit_size": 0.75,
                        "bulk_price": "3.19",
                        "unit_price": "2.39",
                        "approx_size": false,
                        "size_format": "l",
                        "total_units": null,
                        "unit_selector": true,
                        "bunch_selector": false,
                        "drained_weight": null,
                        "price_decreased": false,
                        "reference_price": "3.19",
                        "min_bunch_amount": 1.0,
                        "reference_format": "L",
                        "increment_bunch_amount": 1.0
                    }
                },
                {
                    "id": "37140",
                    "limit": 1000,
                    "badges": {
                        "is_water": false,
                        "requires_age_check": true
                    },
                    "packaging": "Ampolla",
                    "thumbnail": "https://prod-mercadona.imgix.net/20190521/40/37140/vlc1/37140_00_02.jpg?fit=crop&h=206&w=206",
                    "display_name": "Vi negre DO la Manxa Fidencio criança",
                    "bunch_selector": false,
                    "price_instructions": {
                        "iva": 21,
                        "is_new": false,
                        "is_pack": false,
                        "pack_size": null,
                        "unit_name": null,
                        "unit_size": 0.75,
                        "bulk_price": "2.00",
                        "unit_price": "1.50",
                        "approx_size": false,
                        "size_format": "l",
                        "total_units": null,
                        "unit_selector": true,
                        "bunch_selector": false,
                        "drained_weight": null,
                        "price_decreased": false,
                        "reference_price": "2.00",
                        "min_bunch_amount": 1.0,
                        "reference_format": "L",
                        "increment_bunch_amount": 1.0
                    }
                },
                {
                    "id": "37160",
                    "limit": 1000,
                    "badges": {
                        "is_water": false,
                        "requires_age_check": true
                    },
                    "packaging": "Ampolla",
                    "thumbnail": "https://prod-mercadona.imgix.net/20190521/60/37160/vlc1/37160_00_02.jpg?fit=crop&h=206&w=206",
                    "display_name": "Vi negre DO Valdepeñas Conde de Egara reserva ull de llebre",
                    "bunch_selector": false,
                    "price_instructions": {
                        "iva": 21,
                        "is_new": false,
                        "is_pack": false,
                        "pack_size": null,
                        "unit_name": null,
                        "unit_size": 0.75,
                        "bulk_price": "2.65",
                        "unit_price": "1.99",
                        "approx_size": false,
                        "size_format": "l",
                        "total_units": null,
                        "unit_selector": true,
                        "bunch_selector": false,
                        "drained_weight": null,
                        "price_decreased": false,
                        "reference_price": "2.65",
                        "min_bunch_amount": 1.0,
                        "reference_format": "L",
                        "increment_bunch_amount": 1.0
                    }
                }
            ],
            "is_extended": false
        }
    ],
    "is_extended": false
}