{
    "id": 24,
    "name": "Nadó",
    "layout": 2,
    "categories": [
        {
            "id": 216,
            "name": "Alimentació infantil",
            "layout": 1,
            "products": [
                {
                    "id": "14166",
                    "limit": 1000,
                    "badges": {
                        "is_water": false,
                        "requires_age_check": false
                    },
                    "packaging": "Paquet",
                    "thumbnail": "https://prod-mercadona.imgix.net/20190521/66/14166/vlc1/14166_00_02.jpg?fit=crop&h=206&w=206",
                    "display_name": "Galetes nadó Biscoito +4 mesos Hacendado",
                    "bunch_selector": false,
                    "price_instructions": {
                        "iva": 10,
                        "is_new": false,
                        "is_pack": false,
                        "pack_size": null,
                        "unit_name": null,
                        "unit_size": 0.18,
                        "bulk_price": "8.89",
                        "unit_price": "1.60",
                        "approx_size": false,
                        "size_format": "kg",
                        "total_units": null,
                        "unit_selector": true,
                        "bunch_selector": false,
                        "drained_weight": null,
                        "price_decreased": false,
                        "reference_price": "8.89",
                        "min_bunch_amount": 1.0,
                        "reference_format": "kg",
                        "increment_bunch_amount": 1.0
                    }
                },
                {
                    "id": "9034",
                    "limit": 1000,
                    "badges": {
                        "is_water": false,
                        "requires_age_check": false
                    },
                    "packaging": "Bric",
                    "thumbnail": "https://prod-mercadona.imgix.net/20190521/34/9034/vlc1/9034_00_02.jpg?fit=crop&h=206&w=206",
                    "display_name": "Preparat lacti creixement amb cereals Peques 3 Puleva",
                    "bunch_selector": false,
                    "price_instructions": {
                        "iva": 10,
                        "is_new": false,
                        "is_pack": false,
                        "pack_size": null,
                        "unit_name": null,
                        "unit_size": 1.0,
                        "bulk_price": "1.45",
                        "unit_price": "1.45",
                        "approx_size": false,
                        "size_format": "l",
                        "total_units": null,
                        "unit_selector": true,
                        "bunch_selector": false,
                        "drained_weight": null,
                        "price_decreased": false,
                        "reference_price": "1.45",
                        "min_bunch_amount": 1.0,
                        "reference_format": "L",
                        "increment_bunch_amount": 1.0
                    }
                },
                {
                    "id": "32008",
                    "limit": 1000,
                    "badges": {
                        "is_water": false,
                        "requires_age_check": false
                    },
                    "packaging": "Capsa",
                    "thumbnail": "https://prod-mercadona.imgix.net/20190521/08/32008/vlc1/32008_00_01.jpg?fit=crop&h=206&w=206",
                    "display_name": "Farinetes poma i plàtan +6 mesos Hacendado",
                    "bunch_selector": false,
                    "price_instructions": {
                        "iva": 10,
                        "is_new": false,
                        "is_pack": false,
                        "pack_size": null,
                        "unit_name": "u.",
                        "unit_size": 0.72,
                        "bulk_price": "5.54",
                        "unit_price": "3.99",
                        "approx_size": false,
                        "size_format": "kg",
                        "total_units": 6,
                        "unit_selector": true,
                        "bunch_selector": false,
                        "drained_weight": null,
                        "price_decreased": false,
                        "reference_price": "5.54",
                        "min_bunch_amount": 1.0,
                        "reference_format": "kg",
                        "increment_bunch_amount": 1.0
                    }
                },
                {
                    "id": "32007",
                    "limit": 1000,
                    "badges": {
                        "is_water": false,
                        "requires_age_check": false
                    },
                    "packaging": null,
                    "thumbnail": "https://prod-mercadona.imgix.net/20190521/07/32007/vlc1/32007_00_02.jpg?fit=crop&h=206&w=206",
                    "display_name": "Farinetes poma i plàtan +6 mesos Hacendado",
                    "bunch_selector": false,
                    "price_instructions": {
                        "iva": 10,
                        "is_new": false,
                        "is_pack": false,
                        "pack_size": null,
                        "unit_name": "u.",
                        "unit_size": 0.12,
                        "bulk_price": "6.67",
                        "unit_price": "0.80",
                        "approx_size": false,
                        "size_format": "kg",
                        "total_units": 1,
                        "unit_selector": true,
                        "bunch_selector": false,
                        "drained_weight": null,
                        "price_decreased": false,
                        "reference_price": "6.67",
                        "min_bunch_amount": 1.0,
                        "reference_format": "kg",
                        "increment_bunch_amount": 1.0
                    }
                },
                {
                    "id": "9040",
                    "limit": 1000,
                    "badges": {
                        "is_water": false,
                        "requires_age_check": false
                    },
                    "packaging": "Bric",
                    "thumbnail": "https://prod-mercadona.imgix.net/20190521/40/9040/vlc1/9040_00_02.jpg?fit=crop&h=206&w=206",
                    "display_name": "Preparat lacti creixement Peques 3 Puleva",
                    "bunch_selector": false,
                    "price_instructions": {
                        "iva": 10,
                        "is_new": false,
                        "is_pack": false,
                        "pack_size": null,
                        "unit_name": null,
                        "unit_size": 1.0,
                        "bulk_price": "1.45",
                        "unit_price": "1.45",
                        "approx_size": false,
                        "size_format": "l",
                        "total_units": null,
                        "unit_selector": true,
                        "bunch_selector": false,
                        "drained_weight": null,
                        "price_decreased": false,
                        "reference_price": "1.45",
                        "min_bunch_amount": 1.0,
                        "reference_format": "L",
                        "increment_bunch_amount": 1.0
                    }
                },
                {
                    "id": "32006",
                    "limit": 1000,
                    "badges": {
                        "is_water": false,
                        "requires_age_check": false
                    },
                    "packaging": "Capsa",
                    "thumbnail": "https://prod-mercadona.imgix.net/20190521/06/32006/vlc1/32006_00_01.jpg?fit=crop&h=206&w=206",
                    "display_name": "Farinetes fruita variada +12 mesos Hacendado",
                    "bunch_selector": false,
                    "price_instructions": {
                        "iva": 10,
                        "is_new": false,
                        "is_pack": false,
                        "pack_size": 0.12,
                        "unit_name": "u.",
                        "unit_size": 0.72,
                        "bulk_price": "5.54",
                        "unit_price": "3.99",
                        "approx_size": false,
                        "size_format": "kg",
                        "total_units": 6,
                        "unit_selector": true,
                        "bunch_selector": false,
                        "drained_weight": null,
                        "price_decreased": false,
                        "reference_price": "5.54",
                        "min_bunch_amount": 1.0,
                        "reference_format": "kg",
                        "increment_bunch_amount": 1.0
                    }
                },
                {
                    "id": "32005",
                    "limit": 1000,
                    "badges": {
                        "is_water": false,
                        "requires_age_check": false
                    },
                    "packaging": null,
                    "thumbnail": "https://prod-mercadona.imgix.net/20190521/05/32005/vlc1/32005_00_02.jpg?fit=crop&h=206&w=206",
                    "display_name": "Farinetes fruita variada +12 mesos Hacendado",
                    "bunch_selector": false,
                    "price_instructions": {
                        "iva": 10,
                        "is_new": false,
                        "is_pack": false,
                        "pack_size": null,
                        "unit_name": "u.",
                        "unit_size": 0.12,
                        "bulk_price": "6.67",
                        "unit_price": "0.80",
                        "approx_size": false,
                        "size_format": "kg",
                        "total_units": 1,
                        "unit_selector": true,
                        "bunch_selector": false,
                        "drained_weight": null,
                        "price_decreased": false,
                        "reference_price": "6.67",
                        "min_bunch_amount": 1.0,
                        "reference_format": "kg",
                        "increment_bunch_amount": 1.0
                    }
                },
                {
                    "id": "32010",
                    "limit": 1000,
                    "badges": {
                        "is_water": false,
                        "requires_age_check": false
                    },
                    "packaging": "Capsa",
                    "thumbnail": "https://prod-mercadona.imgix.net/20190521/10/32010/vlc1/32010_00_01.jpg?fit=crop&h=206&w=206",
                    "display_name": "Farinetes maduixa i plàtan +8 mesos Hacendado",
                    "bunch_selector": false,
                    "price_instructions": {
                        "iva": 10,
                        "is_new": false,
                        "is_pack": false,
                        "pack_size": null,
                        "unit_name": "u.",
                        "unit_size": 0.72,
                        "bulk_price": "5.54",
                        "unit_price": "3.99",
                        "approx_size": false,
                        "size_format": "kg",
                        "total_units": 6,
                        "unit_selector": true,
                        "bunch_selector": false,
                        "drained_weight": null,
                        "price_decreased": false,
                        "reference_price": "5.54",
                        "min_bunch_amount": 1.0,
                        "reference_format": "kg",
                        "increment_bunch_amount": 1.0
                    }
                },
                {
                    "id": "32009",
                    "limit": 1000,
                    "badges": {
                        "is_water": false,
                        "requires_age_check": false
                    },
                    "packaging": null,
                    "thumbnail": "https://prod-mercadona.imgix.net/20190521/09/32009/vlc1/32009_00_02.jpg?fit=crop&h=206&w=206",
                    "display_name": "Farinetes maduixa i plàtan +8 mesos Hacendado",
                    "bunch_selector": false,
                    "price_instructions": {
                        "iva": 10,
                        "is_new": false,
                        "is_pack": false,
                        "pack_size": null,
                        "unit_name": "u.",
                        "unit_size": 0.12,
                        "bulk_price": "6.67",
                        "unit_price": "0.80",
                        "approx_size": false,
                        "size_format": "kg",
                        "total_units": 1,
                        "unit_selector": true,
                        "bunch_selector": false,
                        "drained_weight": null,
                        "price_decreased": false,
                        "reference_price": "6.67",
                        "min_bunch_amount": 1.0,
                        "reference_format": "kg",
                        "increment_bunch_amount": 1.0
                    }
                },
                {
                    "id": "9041",
                    "limit": 1000,
                    "badges": {
                        "is_water": false,
                        "requires_age_check": false
                    },
                    "packaging": "Bric",
                    "thumbnail": "https://prod-mercadona.imgix.net/20190521/41/9041/vlc1/9041_00_02.jpg?fit=crop&h=206&w=206",
                    "display_name": "Preparat lacti creixement Junior Nestlé",
                    "bunch_selector": false,
                    "price_instructions": {
                        "iva": 10,
                        "is_new": false,
                        "is_pack": false,
                        "pack_size": null,
                        "unit_name": null,
                        "unit_size": 1.0,
                        "bulk_price": "1.50",
                        "unit_price": "1.50",
                        "approx_size": false,
                        "size_format": "l",
                        "total_units": null,
                        "unit_selector": true,
                        "bunch_selector": false,
                        "drained_weight": null,
                        "price_decreased": false,
                        "reference_price": "1.50",
                        "min_bunch_amount": 1.0,
                        "reference_format": "L",
                        "increment_bunch_amount": 1.0
                    }
                },
                {
                    "id": "9581",
                    "limit": 1000,
                    "badges": {
                        "is_water": false,
                        "requires_age_check": false
                    },
                    "packaging": "Capsa",
                    "thumbnail": "https://prod-mercadona.imgix.net/20190521/81/9581/vlc1/9581_00_01.jpg?fit=crop&h=206&w=206",
                    "display_name": "Farinetes 8 cereals amb mel Hero baby +6 mesos",
                    "bunch_selector": false,
                    "price_instructions": {
                        "iva": 10,
                        "is_new": false,
                        "is_pack": false,
                        "pack_size": null,
                        "unit_name": null,
                        "unit_size": 0.41,
                        "bulk_price": "6.61",
                        "unit_price": "2.71",
                        "approx_size": false,
                        "size_format": "kg",
                        "total_units": null,
                        "unit_selector": true,
                        "bunch_selector": false,
                        "drained_weight": null,
                        "price_decreased": false,
                        "reference_price": "6.61",
                        "min_bunch_amount": 1.0,
                        "reference_format": "kg",
                        "increment_bunch_amount": 1.0
                    }
                },
                {
                    "id": "9397",
                    "limit": 1000,
                    "badges": {
                        "is_water": false,
                        "requires_age_check": false
                    },
                    "packaging": "Bric",
                    "thumbnail": "https://prod-mercadona.imgix.net/20190521/97/9397/vlc1/9397_00_02.jpg?fit=crop&h=206&w=206",
                    "display_name": "Preparat lacti creixement amb cereals + 1 any Hacendado",
                    "bunch_selector": false,
                    "price_instructions": {
                        "iva": 10,
                        "is_new": false,
                        "is_pack": false,
                        "pack_size": null,
                        "unit_name": null,
                        "unit_size": 1.0,
                        "bulk_price": "1.15",
                        "unit_price": "1.15",
                        "approx_size": false,
                        "size_format": "l",
                        "total_units": null,
                        "unit_selector": true,
                        "bunch_selector": false,
                        "drained_weight": null,
                        "price_decreased": false,
                        "reference_price": "1.15",
                        "min_bunch_amount": 1.0,
                        "reference_format": "L",
                        "increment_bunch_amount": 1.0
                    }
                },
                {
                    "id": "9004",
                    "limit": 1000,
                    "badges": {
                        "is_water": false,
                        "requires_age_check": false
                    },
                    "packaging": "Paquet-6",
                    "thumbnail": "https://prod-mercadona.imgix.net/20190521/04/9004/vlc1/9004_00_01.jpg?fit=crop&h=206&w=206",
                    "display_name": "Llet de continuació Peques 2 Puleva",
                    "bunch_selector": false,
                    "price_instructions": {
                        "iva": 10,
                        "is_new": false,
                        "is_pack": true,
                        "pack_size": 1.0,
                        "unit_name": "brics",
                        "unit_size": 6.0,
                        "bulk_price": "1.45",
                        "unit_price": "8.70",
                        "approx_size": false,
                        "size_format": "l",
                        "total_units": 6,
                        "unit_selector": true,
                        "bunch_selector": false,
                        "drained_weight": null,
                        "price_decreased": false,
                        "reference_price": "1.45",
                        "min_bunch_amount": 1.0,
                        "reference_format": "L",
                        "increment_bunch_amount": 1.0
                    }
                },
                {
                    "id": "9031",
                    "limit": 1000,
                    "badges": {
                        "is_water": false,
                        "requires_age_check": false
                    },
                    "packaging": "Bric",
                    "thumbnail": "https://prod-mercadona.imgix.net/20190521/31/9031/vlc1/9031_00_02.jpg?fit=crop&h=206&w=206",
                    "display_name": "Preparat lacti creixement gust de cereals Junior Nestlé",
                    "bunch_selector": false,
                    "price_instructions": {
                        "iva": 10,
                        "is_new": false,
                        "is_pack": false,
                        "pack_size": null,
                        "unit_name": null,
                        "unit_size": 1.0,
                        "bulk_price": "1.50",
                        "unit_price": "1.50",
                        "approx_size": false,
                        "size_format": "l",
                        "total_units": null,
                        "unit_selector": true,
                        "bunch_selector": false,
                        "drained_weight": null,
                        "price_decreased": false,
                        "reference_price": "1.50",
                        "min_bunch_amount": 1.0,
                        "reference_format": "L",
                        "increment_bunch_amount": 1.0
                    }
                },
                {
                    "id": "9187",
                    "limit": 1000,
                    "badges": {
                        "is_water": false,
                        "requires_age_check": false
                    },
                    "packaging": "Paquet-6",
                    "thumbnail": "https://prod-mercadona.imgix.net/20190521/87/9187/vlc1/9187_00_01.jpg?fit=crop&h=206&w=206",
                    "display_name": "Preparat lacti creixement +1 any Hacendado",
                    "bunch_selector": false,
                    "price_instructions": {
                        "iva": 10,
                        "is_new": false,
                        "is_pack": true,
                        "pack_size": 1.0,
                        "unit_name": "brics",
                        "unit_size": 6.0,
                        "bulk_price": "1.00",
                        "unit_price": "6.00",
                        "approx_size": false,
                        "size_format": "l",
                        "total_units": 6,
                        "unit_selector": true,
                        "bunch_selector": false,
                        "drained_weight": null,
                        "price_decreased": false,
                        "reference_price": "1.00",
                        "min_bunch_amount": 1.0,
                        "reference_format": "L",
                        "increment_bunch_amount": 1.0
                    }
                },
                {
                    "id": "9189",
                    "limit": 1000,
                    "badges": {
                        "is_water": false,
                        "requires_age_check": false
                    },
                    "packaging": "Paquet-6",
                    "thumbnail": "https://prod-mercadona.imgix.net/20190521/89/9189/vlc1/9189_00_01.jpg?fit=crop&h=206&w=206",
                    "display_name": "Preparat lacti creixement +1 any Hacendado",
                    "bunch_selector": false,
                    "price_instructions": {
                        "iva": 10,
                        "is_new": false,
                        "is_pack": true,
                        "pack_size": 0.2,
                        "unit_name": "brics petits",
                        "unit_size": 1.2,
                        "bulk_price": "1.29",
                        "unit_price": "1.55",
                        "approx_size": false,
                        "size_format": "l",
                        "total_units": 6,
                        "unit_selector": true,
                        "bunch_selector": false,
                        "drained_weight": null,
                        "price_decreased": false,
                        "reference_price": "1.29",
                        "min_bunch_amount": 1.0,
                        "reference_format": "L",
                        "increment_bunch_amount": 1.0
                    }
                },
                {
                    "id": "9398",
                    "limit": 1000,
                    "badges": {
                        "is_water": false,
                        "requires_age_check": false
                    },
                    "packaging": "Paquet-6",
                    "thumbnail": "https://prod-mercadona.imgix.net/20190521/98/9398/vlc1/9398_00_01.jpg?fit=crop&h=206&w=206",
                    "display_name": "Preparat lacti creixement amb cereals + 1 any Hacendado",
                    "bunch_selector": false,
                    "price_instructions": {
                        "iva": 10,
                        "is_new": false,
                        "is_pack": true,
                        "pack_size": 1.0,
                        "unit_name": "brics",
                        "unit_size": 6.0,
                        "bulk_price": "1.10",
                        "unit_price": "6.60",
                        "approx_size": false,
                        "size_format": "l",
                        "total_units": 6,
                        "unit_selector": true,
                        "bunch_selector": false,
                        "drained_weight": null,
                        "price_decreased": false,
                        "reference_price": "1.10",
                        "min_bunch_amount": 1.0,
                        "reference_format": "L",
                        "increment_bunch_amount": 1.0
                    }
                },
                {
                    "id": "9054",
                    "limit": 1000,
                    "badges": {
                        "is_water": false,
                        "requires_age_check": false
                    },
                    "packaging": "Paquet-3",
                    "thumbnail": "https://prod-mercadona.imgix.net/20190521/54/9054/vlc1/9054_00_01.jpg?fit=crop&h=206&w=206",
                    "display_name": "Preparat lacti cereals amb cacau Peques 3 Puleva",
                    "bunch_selector": false,
                    "price_instructions": {
                        "iva": 10,
                        "is_new": false,
                        "is_pack": true,
                        "pack_size": 0.2,
                        "unit_name": "brics petits",
                        "unit_size": 0.6,
                        "bulk_price": "2.35",
                        "unit_price": "1.41",
                        "approx_size": false,
                        "size_format": "l",
                        "total_units": 3,
                        "unit_selector": true,
                        "bunch_selector": false,
                        "drained_weight": null,
                        "price_decreased": false,
                        "reference_price": "2.35",
                        "min_bunch_amount": 1.0,
                        "reference_format": "L",
                        "increment_bunch_amount": 1.0
                    }
                },
                {
                    "id": "9580",
                    "limit": 1000,
                    "badges": {
                        "is_water": false,
                        "requires_age_check": false
                    },
                    "packaging": "Capsa",
                    "thumbnail": "https://prod-mercadona.imgix.net/20190521/80/9580/vlc1/9580_00_01.jpg?fit=crop&h=206&w=206",
                    "display_name": "Farinetes 8 cereals Hero baby +6 mesos",
                    "bunch_selector": false,
                    "price_instructions": {
                        "iva": 10,
                        "is_new": false,
                        "is_pack": false,
                        "pack_size": null,
                        "unit_name": null,
                        "unit_size": 0.41,
                        "bulk_price": "6.61",
                        "unit_price": "2.71",
                        "approx_size": false,
                        "size_format": "kg",
                        "total_units": null,
                        "unit_selector": true,
                        "bunch_selector": false,
                        "drained_weight": null,
                        "price_decreased": false,
                        "reference_price": "6.61",
                        "min_bunch_amount": 1.0,
                        "reference_format": "kg",
                        "increment_bunch_amount": 1.0
                    }
                },
                {
                    "id": "9130",
                    "limit": 1000,
                    "badges": {
                        "is_water": false,
                        "requires_age_check": false
                    },
                    "packaging": "Paquet-2",
                    "thumbnail": "https://prod-mercadona.imgix.net/20190521/30/9130/vlc1/9130_00_01.jpg?fit=crop&h=206&w=206",
                    "display_name": "Farinetes plàtan, mandarina i pera +4 mesos Hacendado",
                    "bunch_selector": false,
                    "price_instructions": {
                        "iva": 10,
                        "is_new": false,
                        "is_pack": true,
                        "pack_size": 0.25,
                        "unit_name": "potets",
                        "unit_size": 0.5,
                        "bulk_price": "3.44",
                        "unit_price": "1.72",
                        "approx_size": false,
                        "size_format": "kg",
                        "total_units": 2,
                        "unit_selector": true,
                        "bunch_selector": false,
                        "drained_weight": null,
                        "price_decreased": false,
                        "reference_price": "3.44",
                        "min_bunch_amount": 1.0,
                        "reference_format": "kg",
                        "increment_bunch_amount": 1.0
                    }
                },
                {
                    "id": "9017",
                    "limit": 1000,
                    "badges": {
                        "is_water": false,
                        "requires_age_check": false
                    },
                    "packaging": "Paquet-2",
                    "thumbnail": "https://prod-mercadona.imgix.net/20190521/17/9017/vlc1/9017_00_01.jpg?fit=crop&h=206&w=206",
                    "display_name": "Farinetes duo de fruites +4 mesos Hacendado",
                    "bunch_selector": false,
                    "price_instructions": {
                        "iva": 10,
                        "is_new": false,
                        "is_pack": true,
                        "pack_size": 0.13,
                        "unit_name": "potets",
                        "unit_size": 0.26,
                        "bulk_price": "3.81",
                        "unit_price": "0.99",
                        "approx_size": false,
                        "size_format": "kg",
                        "total_units": 2,
                        "unit_selector": true,
                        "bunch_selector": false,
                        "drained_weight": null,
                        "price_decreased": false,
                        "reference_price": "3.81",
                        "min_bunch_amount": 1.0,
                        "reference_format": "kg",
                        "increment_bunch_amount": 1.0
                    }
                },
                {
                    "id": "9306",
                    "limit": 1000,
                    "badges": {
                        "is_water": false,
                        "requires_age_check": false
                    },
                    "packaging": "Paquet-2",
                    "thumbnail": "https://prod-mercadona.imgix.net/20190521/06/9306/vlc1/9306_00_01.jpg?fit=crop&h=206&w=206",
                    "display_name": "Suc de fruites variades +4 mesos Hero baby",
                    "bunch_selector": false,
                    "price_instructions": {
                        "iva": 10,
                        "is_new": false,
                        "is_pack": true,
                        "pack_size": 0.13,
                        "unit_name": "potets",
                        "unit_size": 0.26,
                        "bulk_price": "3.65",
                        "unit_price": "0.95",
                        "approx_size": false,
                        "size_format": "l",
                        "total_units": 2,
                        "unit_selector": true,
                        "bunch_selector": false,
                        "drained_weight": null,
                        "price_decreased": false,
                        "reference_price": "3.65",
                        "min_bunch_amount": 1.0,
                        "reference_format": "L",
                        "increment_bunch_amount": 1.0
                    }
                },
                {
                    "id": "9218",
                    "limit": 1000,
                    "badges": {
                        "is_water": false,
                        "requires_age_check": false
                    },
                    "packaging": "Capsa",
                    "thumbnail": "https://prod-mercadona.imgix.net/20190521/18/9218/vlc1/9218_00_01.jpg?fit=crop&h=206&w=206",
                    "display_name": "Farinetes instantànies 8 cereals, plàtan, taronja i galeta Nestlé +6 mesos",
                    "bunch_selector": false,
                    "price_instructions": {
                        "iva": 10,
                        "is_new": false,
                        "is_pack": false,
                        "pack_size": null,
                        "unit_name": null,
                        "unit_size": 0.66,
                        "bulk_price": "5.76",
                        "unit_price": "3.80",
                        "approx_size": false,
                        "size_format": "kg",
                        "total_units": null,
                        "unit_selector": true,
                        "bunch_selector": false,
                        "drained_weight": null,
                        "price_decreased": false,
                        "reference_price": "5.76",
                        "min_bunch_amount": 1.0,
                        "reference_format": "kg",
                        "increment_bunch_amount": 1.0
                    }
                },
                {
                    "id": "9147",
                    "limit": 1000,
                    "badges": {
                        "is_water": false,
                        "requires_age_check": false
                    },
                    "packaging": "Capsa",
                    "thumbnail": "https://prod-mercadona.imgix.net/20190521/47/9147/vlc1/9147_00_01.jpg?fit=crop&h=206&w=206",
                    "display_name": "Farinetes instantànies amb cereals sense gluten Nestlé +4 mesos",
                    "bunch_selector": false,
                    "price_instructions": {
                        "iva": 10,
                        "is_new": false,
                        "is_pack": false,
                        "pack_size": null,
                        "unit_name": null,
                        "unit_size": 0.6,
                        "bulk_price": "5.98",
                        "unit_price": "3.59",
                        "approx_size": false,
                        "size_format": "kg",
                        "total_units": null,
                        "unit_selector": true,
                        "bunch_selector": false,
                        "drained_weight": null,
                        "price_decreased": false,
                        "reference_price": "5.98",
                        "min_bunch_amount": 1.0,
                        "reference_format": "kg",
                        "increment_bunch_amount": 1.0
                    }
                },
                {
                    "id": "9138",
                    "limit": 1000,
                    "badges": {
                        "is_water": false,
                        "requires_age_check": false
                    },
                    "packaging": "Paquet-2",
                    "thumbnail": "https://prod-mercadona.imgix.net/20190521/38/9138/vlc1/9138_00_02.jpg?fit=crop&h=206&w=206",
                    "display_name": "Farinetes líquides llet i cereals sense gluten Nestlé +6 mesos",
                    "bunch_selector": false,
                    "price_instructions": {
                        "iva": 10,
                        "is_new": false,
                        "is_pack": true,
                        "pack_size": 0.25,
                        "unit_name": "brics petits",
                        "unit_size": 0.5,
                        "bulk_price": "4.00",
                        "unit_price": "2.00",
                        "approx_size": false,
                        "size_format": "l",
                        "total_units": 2,
                        "unit_selector": true,
                        "bunch_selector": false,
                        "drained_weight": null,
                        "price_decreased": false,
                        "reference_price": "4.00",
                        "min_bunch_amount": 1.0,
                        "reference_format": "L",
                        "increment_bunch_amount": 1.0
                    }
                },
                {
                    "id": "9424",
                    "limit": 1000,
                    "badges": {
                        "is_water": false,
                        "requires_age_check": false
                    },
                    "packaging": "Pot",
                    "thumbnail": "https://prod-mercadona.imgix.net/20190521/24/9424/vlc1/9424_00_02.jpg?fit=crop&h=206&w=206",
                    "display_name": "Llet creixement en pols 3 Hero baby",
                    "bunch_selector": false,
                    "price_instructions": {
                        "iva": 10,
                        "is_new": false,
                        "is_pack": false,
                        "pack_size": null,
                        "unit_name": null,
                        "unit_size": 0.8,
                        "bulk_price": "11.88",
                        "unit_price": "9.50",
                        "approx_size": false,
                        "size_format": "kg",
                        "total_units": null,
                        "unit_selector": true,
                        "bunch_selector": false,
                        "drained_weight": null,
                        "price_decreased": false,
                        "reference_price": "11.88",
                        "min_bunch_amount": 1.0,
                        "reference_format": "kg",
                        "increment_bunch_amount": 1.0
                    }
                },
                {
                    "id": "9421",
                    "limit": 1000,
                    "badges": {
                        "is_water": false,
                        "requires_age_check": false
                    },
                    "packaging": "Pot",
                    "thumbnail": "https://prod-mercadona.imgix.net/20190521/21/9421/vlc1/9421_00_02.jpg?fit=crop&h=206&w=206",
                    "display_name": "Llet per a lactants en pols 1 Nativa Nestlé",
                    "bunch_selector": false,
                    "price_instructions": {
                        "iva": 10,
                        "is_new": false,
                        "is_pack": false,
                        "pack_size": null,
                        "unit_name": null,
                        "unit_size": 0.8,
                        "bulk_price": "12.62",
                        "unit_price": "10.10",
                        "approx_size": false,
                        "size_format": "kg",
                        "total_units": null,
                        "unit_selector": true,
                        "bunch_selector": false,
                        "drained_weight": null,
                        "price_decreased": false,
                        "reference_price": "12.62",
                        "min_bunch_amount": 1.0,
                        "reference_format": "kg",
                        "increment_bunch_amount": 1.0
                    }
                },
                {
                    "id": "9407",
                    "limit": 1000,
                    "badges": {
                        "is_water": false,
                        "requires_age_check": false
                    },
                    "packaging": "Pot",
                    "thumbnail": "https://prod-mercadona.imgix.net/20190521/07/9407/vlc1/9407_00_02.jpg?fit=crop&h=206&w=206",
                    "display_name": "Llet de continuació en pols 2 Nativa Nestlé",
                    "bunch_selector": false,
                    "price_instructions": {
                        "iva": 10,
                        "is_new": false,
                        "is_pack": false,
                        "pack_size": null,
                        "unit_name": null,
                        "unit_size": 0.8,
                        "bulk_price": "9.75",
                        "unit_price": "7.80",
                        "approx_size": false,
                        "size_format": "kg",
                        "total_units": null,
                        "unit_selector": true,
                        "bunch_selector": false,
                        "drained_weight": null,
                        "price_decreased": false,
                        "reference_price": "9.75",
                        "min_bunch_amount": 1.0,
                        "reference_format": "kg",
                        "increment_bunch_amount": 1.0
                    }
                },
                {
                    "id": "9420",
                    "limit": 1000,
                    "badges": {
                        "is_water": false,
                        "requires_age_check": false
                    },
                    "packaging": "Pot",
                    "thumbnail": "https://prod-mercadona.imgix.net/20190521/20/9420/vlc1/9420_00_02.jpg?fit=crop&h=206&w=206",
                    "display_name": "Llet per a lactants en pols 1 Nidina Nestlé",
                    "bunch_selector": false,
                    "price_instructions": {
                        "iva": 10,
                        "is_new": false,
                        "is_pack": false,
                        "pack_size": null,
                        "unit_name": null,
                        "unit_size": 0.8,
                        "bulk_price": "18.75",
                        "unit_price": "15.00",
                        "approx_size": false,
                        "size_format": "kg",
                        "total_units": null,
                        "unit_selector": true,
                        "bunch_selector": false,
                        "drained_weight": null,
                        "price_decreased": false,
                        "reference_price": "18.75",
                        "min_bunch_amount": 1.0,
                        "reference_format": "kg",
                        "increment_bunch_amount": 1.0
                    }
                },
                {
                    "id": "9408",
                    "limit": 1000,
                    "badges": {
                        "is_water": false,
                        "requires_age_check": false
                    },
                    "packaging": "Pot",
                    "thumbnail": "https://prod-mercadona.imgix.net/20190521/08/9408/vlc1/9408_00_02.jpg?fit=crop&h=206&w=206",
                    "display_name": "Llet de continuació en pols 2 Nidina Nestlé",
                    "bunch_selector": false,
                    "price_instructions": {
                        "iva": 10,
                        "is_new": false,
                        "is_pack": false,
                        "pack_size": null,
                        "unit_name": null,
                        "unit_size": 0.8,
                        "bulk_price": "16.25",
                        "unit_price": "13.00",
                        "approx_size": false,
                        "size_format": "kg",
                        "total_units": null,
                        "unit_selector": true,
                        "bunch_selector": false,
                        "drained_weight": null,
                        "price_decreased": false,
                        "reference_price": "16.25",
                        "min_bunch_amount": 1.0,
                        "reference_format": "kg",
                        "increment_bunch_amount": 1.0
                    }
                },
                {
                    "id": "9406",
                    "limit": 1000,
                    "badges": {
                        "is_water": false,
                        "requires_age_check": false
                    },
                    "packaging": "Pot",
                    "thumbnail": "https://prod-mercadona.imgix.net/20190521/06/9406/vlc1/9406_00_02.jpg?fit=crop&h=206&w=206",
                    "display_name": "Llet creixement en pols 3 Nidina Nestlé",
                    "bunch_selector": false,
                    "price_instructions": {
                        "iva": 10,
                        "is_new": false,
                        "is_pack": false,
                        "pack_size": null,
                        "unit_name": null,
                        "unit_size": 0.8,
                        "bulk_price": "16.25",
                        "unit_price": "13.00",
                        "approx_size": false,
                        "size_format": "kg",
                        "total_units": null,
                        "unit_selector": true,
                        "bunch_selector": false,
                        "drained_weight": null,
                        "price_decreased": false,
                        "reference_price": "16.25",
                        "min_bunch_amount": 1.0,
                        "reference_format": "kg",
                        "increment_bunch_amount": 1.0
                    }
                },
                {
                    "id": "9422",
                    "limit": 1000,
                    "badges": {
                        "is_water": false,
                        "requires_age_check": false
                    },
                    "packaging": "Pot",
                    "thumbnail": "https://prod-mercadona.imgix.net/20190521/22/9422/vlc1/9422_00_02.jpg?fit=crop&h=206&w=206",
                    "display_name": "Llet per a lactants en pols 1 Hero baby",
                    "bunch_selector": false,
                    "price_instructions": {
                        "iva": 10,
                        "is_new": false,
                        "is_pack": false,
                        "pack_size": null,
                        "unit_name": null,
                        "unit_size": 0.8,
                        "bulk_price": "11.88",
                        "unit_price": "9.50",
                        "approx_size": false,
                        "size_format": "kg",
                        "total_units": null,
                        "unit_selector": true,
                        "bunch_selector": false,
                        "drained_weight": null,
                        "price_decreased": false,
                        "reference_price": "11.88",
                        "min_bunch_amount": 1.0,
                        "reference_format": "kg",
                        "increment_bunch_amount": 1.0
                    }
                },
                {
                    "id": "9423",
                    "limit": 1000,
                    "badges": {
                        "is_water": false,
                        "requires_age_check": false
                    },
                    "packaging": "Pot",
                    "thumbnail": "https://prod-mercadona.imgix.net/20190521/23/9423/vlc1/9423_00_02.jpg?fit=crop&h=206&w=206",
                    "display_name": "Llet de continuació en pols 2 Hero baby",
                    "bunch_selector": false,
                    "price_instructions": {
                        "iva": 10,
                        "is_new": false,
                        "is_pack": false,
                        "pack_size": null,
                        "unit_name": null,
                        "unit_size": 0.8,
                        "bulk_price": "9.69",
                        "unit_price": "7.75",
                        "approx_size": false,
                        "size_format": "kg",
                        "total_units": null,
                        "unit_selector": true,
                        "bunch_selector": false,
                        "drained_weight": null,
                        "price_decreased": false,
                        "reference_price": "9.69",
                        "min_bunch_amount": 1.0,
                        "reference_format": "kg",
                        "increment_bunch_amount": 1.0
                    }
                },
                {
                    "id": "9582",
                    "limit": 1000,
                    "badges": {
                        "is_water": false,
                        "requires_age_check": false
                    },
                    "packaging": "Capsa",
                    "thumbnail": "https://prod-mercadona.imgix.net/20190521/82/9582/vlc1/9582_00_01.jpg?fit=crop&h=206&w=206",
                    "display_name": "Farinetes 8 cereals amb galeta Hero baby +6 mesos",
                    "bunch_selector": false,
                    "price_instructions": {
                        "iva": 10,
                        "is_new": false,
                        "is_pack": false,
                        "pack_size": null,
                        "unit_name": null,
                        "unit_size": 0.34,
                        "bulk_price": "8.79",
                        "unit_price": "2.99",
                        "approx_size": false,
                        "size_format": "kg",
                        "total_units": null,
                        "unit_selector": true,
                        "bunch_selector": false,
                        "drained_weight": null,
                        "price_decreased": false,
                        "reference_price": "8.79",
                        "min_bunch_amount": 1.0,
                        "reference_format": "kg",
                        "increment_bunch_amount": 1.0
                    }
                },
                {
                    "id": "79256",
                    "limit": 1000,
                    "badges": {
                        "is_water": false,
                        "requires_age_check": false
                    },
                    "packaging": "Pot",
                    "thumbnail": "https://prod-mercadona.imgix.net/20190521/56/79256/vlc1/79256_00_02.jpg?fit=crop&h=206&w=206",
                    "display_name": "Infusió instantània infantil digestiva en pols Hacendado +6 mesos",
                    "bunch_selector": false,
                    "price_instructions": {
                        "iva": 10,
                        "is_new": false,
                        "is_pack": false,
                        "pack_size": null,
                        "unit_name": null,
                        "unit_size": 0.2,
                        "bulk_price": "24.75",
                        "unit_price": "4.95",
                        "approx_size": false,
                        "size_format": "kg",
                        "total_units": null,
                        "unit_selector": true,
                        "bunch_selector": false,
                        "drained_weight": null,
                        "price_decreased": false,
                        "reference_price": "2.48",
                        "min_bunch_amount": 1.0,
                        "reference_format": "100 g",
                        "increment_bunch_amount": 1.0
                    }
                },
                {
                    "id": "9295",
                    "limit": 1000,
                    "badges": {
                        "is_water": false,
                        "requires_age_check": false
                    },
                    "packaging": "Paquet-2",
                    "thumbnail": "https://prod-mercadona.imgix.net/20190521/95/9295/vlc1/9295_00_01.jpg?fit=crop&h=206&w=206",
                    "display_name": "Farinetes verduretes i peix amb crema Hero baby buenas noches +8 mesos",
                    "bunch_selector": false,
                    "price_instructions": {
                        "iva": 10,
                        "is_new": false,
                        "is_pack": true,
                        "pack_size": 0.19,
                        "unit_name": "potets",
                        "unit_size": 0.38,
                        "bulk_price": "4.47",
                        "unit_price": "1.70",
                        "approx_size": false,
                        "size_format": "kg",
                        "total_units": 2,
                        "unit_selector": true,
                        "bunch_selector": false,
                        "drained_weight": null,
                        "price_decreased": false,
                        "reference_price": "4.47",
                        "min_bunch_amount": 1.0,
                        "reference_format": "kg",
                        "increment_bunch_amount": 1.0
                    }
                },
                {
                    "id": "9280",
                    "limit": 1000,
                    "badges": {
                        "is_water": false,
                        "requires_age_check": false
                    },
                    "packaging": "Potet",
                    "thumbnail": "https://prod-mercadona.imgix.net/20190521/80/9280/vlc1/9280_00_02.jpg?fit=crop&h=206&w=206",
                    "display_name": "Farinetes verduretes amb lluç Hero baby natur +8 mesos",
                    "bunch_selector": false,
                    "price_instructions": {
                        "iva": 10,
                        "is_new": false,
                        "is_pack": false,
                        "pack_size": null,
                        "unit_name": null,
                        "unit_size": 0.235,
                        "bulk_price": "4.21",
                        "unit_price": "0.99",
                        "approx_size": false,
                        "size_format": "kg",
                        "total_units": null,
                        "unit_selector": true,
                        "bunch_selector": false,
                        "drained_weight": null,
                        "price_decreased": false,
                        "reference_price": "4.21",
                        "min_bunch_amount": 1.0,
                        "reference_format": "kg",
                        "increment_bunch_amount": 1.0
                    }
                },
                {
                    "id": "9265",
                    "limit": 1000,
                    "badges": {
                        "is_water": false,
                        "requires_age_check": false
                    },
                    "packaging": "Potet",
                    "thumbnail": "https://prod-mercadona.imgix.net/20190521/65/9265/vlc1/9265_00_02.jpg?fit=crop&h=206&w=206",
                    "display_name": "Farinetes crema de beixamel amb llenguado Hero baby natur +8 mesos",
                    "bunch_selector": false,
                    "price_instructions": {
                        "iva": 10,
                        "is_new": false,
                        "is_pack": false,
                        "pack_size": null,
                        "unit_name": null,
                        "unit_size": 0.235,
                        "bulk_price": "4.21",
                        "unit_price": "0.99",
                        "approx_size": false,
                        "size_format": "kg",
                        "total_units": null,
                        "unit_selector": true,
                        "bunch_selector": false,
                        "drained_weight": null,
                        "price_decreased": false,
                        "reference_price": "4.21",
                        "min_bunch_amount": 1.0,
                        "reference_format": "kg",
                        "increment_bunch_amount": 1.0
                    }
                },
                {
                    "id": "9259",
                    "limit": 1000,
                    "badges": {
                        "is_water": false,
                        "requires_age_check": false
                    },
                    "packaging": "Potet",
                    "thumbnail": "https://prod-mercadona.imgix.net/20190521/59/9259/vlc1/9259_00_02.jpg?fit=crop&h=206&w=206",
                    "display_name": "Farinetes pastanagues amb arròs amb caldet Hero baby natur +4 mesos",
                    "bunch_selector": false,
                    "price_instructions": {
                        "iva": 10,
                        "is_new": false,
                        "is_pack": false,
                        "pack_size": null,
                        "unit_name": null,
                        "unit_size": 0.235,
                        "bulk_price": "4.21",
                        "unit_price": "0.99",
                        "approx_size": false,
                        "size_format": "kg",
                        "total_units": null,
                        "unit_selector": true,
                        "bunch_selector": false,
                        "drained_weight": null,
                        "price_decreased": false,
                        "reference_price": "4.21",
                        "min_bunch_amount": 1.0,
                        "reference_format": "kg",
                        "increment_bunch_amount": 1.0
                    }
                },
                {
                    "id": "9297",
                    "limit": 1000,
                    "badges": {
                        "is_water": false,
                        "requires_age_check": false
                    },
                    "packaging": "Paquet-2",
                    "thumbnail": "https://prod-mercadona.imgix.net/20190521/97/9297/vlc1/9297_00_01.jpg?fit=crop&h=206&w=206",
                    "display_name": "Farinetes crema de verdures amb rap Hero baby buenas noches +8 mesos",
                    "bunch_selector": false,
                    "price_instructions": {
                        "iva": 10,
                        "is_new": false,
                        "is_pack": true,
                        "pack_size": 0.19,
                        "unit_name": "potets",
                        "unit_size": 0.38,
                        "bulk_price": "6.18",
                        "unit_price": "2.35",
                        "approx_size": false,
                        "size_format": "kg",
                        "total_units": 2,
                        "unit_selector": true,
                        "bunch_selector": false,
                        "drained_weight": null,
                        "price_decreased": false,
                        "reference_price": "6.18",
                        "min_bunch_amount": 1.0,
                        "reference_format": "kg",
                        "increment_bunch_amount": 1.0
                    }
                },
                {
                    "id": "9298",
                    "limit": 1000,
                    "badges": {
                        "is_water": false,
                        "requires_age_check": false
                    },
                    "packaging": "Paquet-2",
                    "thumbnail": "https://prod-mercadona.imgix.net/20190521/98/9298/vlc1/9298_00_01.jpg?fit=crop&h=206&w=206",
                    "display_name": "Farinetes llenties amb verduretes Hero baby recetas caseras +8 mesos",
                    "bunch_selector": false,
                    "price_instructions": {
                        "iva": 10,
                        "is_new": false,
                        "is_pack": true,
                        "pack_size": 0.19,
                        "unit_name": "potets",
                        "unit_size": 0.38,
                        "bulk_price": "4.61",
                        "unit_price": "1.75",
                        "approx_size": false,
                        "size_format": "kg",
                        "total_units": 2,
                        "unit_selector": true,
                        "bunch_selector": false,
                        "drained_weight": null,
                        "price_decreased": false,
                        "reference_price": "4.60",
                        "min_bunch_amount": 1.0,
                        "reference_format": "kg",
                        "increment_bunch_amount": 1.0
                    }
                },
                {
                    "id": "9288",
                    "limit": 1000,
                    "badges": {
                        "is_water": false,
                        "requires_age_check": false
                    },
                    "packaging": "Paquet-2",
                    "thumbnail": "https://prod-mercadona.imgix.net/20190521/88/9288/vlc1/9288_00_01.jpg?fit=crop&h=206&w=206",
                    "display_name": "Farinetes verduretes amb pollastre Hero baby buenas noches +6 mesos",
                    "bunch_selector": false,
                    "price_instructions": {
                        "iva": 10,
                        "is_new": false,
                        "is_pack": true,
                        "pack_size": 0.19,
                        "unit_name": "potets",
                        "unit_size": 0.38,
                        "bulk_price": "4.47",
                        "unit_price": "1.70",
                        "approx_size": false,
                        "size_format": "kg",
                        "total_units": 2,
                        "unit_selector": true,
                        "bunch_selector": false,
                        "drained_weight": null,
                        "price_decreased": false,
                        "reference_price": "4.47",
                        "min_bunch_amount": 1.0,
                        "reference_format": "kg",
                        "increment_bunch_amount": 1.0
                    }
                },
                {
                    "id": "9254",
                    "limit": 1000,
                    "badges": {
                        "is_water": false,
                        "requires_age_check": false
                    },
                    "packaging": "Potet",
                    "thumbnail": "https://prod-mercadona.imgix.net/20190521/54/9254/vlc1/9254_00_02.jpg?fit=crop&h=206&w=206",
                    "display_name": "Farinetes minestra amb pernil i vedella Hero baby natur +6 mesos",
                    "bunch_selector": false,
                    "price_instructions": {
                        "iva": 10,
                        "is_new": false,
                        "is_pack": false,
                        "pack_size": null,
                        "unit_name": null,
                        "unit_size": 0.235,
                        "bulk_price": "4.21",
                        "unit_price": "0.99",
                        "approx_size": false,
                        "size_format": "kg",
                        "total_units": null,
                        "unit_selector": true,
                        "bunch_selector": false,
                        "drained_weight": null,
                        "price_decreased": false,
                        "reference_price": "4.21",
                        "min_bunch_amount": 1.0,
                        "reference_format": "kg",
                        "increment_bunch_amount": 1.0
                    }
                },
                {
                    "id": "9077",
                    "limit": 1000,
                    "badges": {
                        "is_water": false,
                        "requires_age_check": false
                    },
                    "packaging": "Potet",
                    "thumbnail": "https://prod-mercadona.imgix.net/20190521/77/9077/vlc1/9077_00_02.jpg?fit=crop&h=206&w=206",
                    "display_name": "Farinetes verduretes de l'hort amb pollastre Nestlé +6 mesos",
                    "bunch_selector": false,
                    "price_instructions": {
                        "iva": 10,
                        "is_new": false,
                        "is_pack": false,
                        "pack_size": null,
                        "unit_name": null,
                        "unit_size": 0.25,
                        "bulk_price": "3.96",
                        "unit_price": "0.99",
                        "approx_size": false,
                        "size_format": "kg",
                        "total_units": null,
                        "unit_selector": true,
                        "bunch_selector": false,
                        "drained_weight": null,
                        "price_decreased": false,
                        "reference_price": "3.96",
                        "min_bunch_amount": 1.0,
                        "reference_format": "kg",
                        "increment_bunch_amount": 1.0
                    }
                },
                {
                    "id": "9242",
                    "limit": 1000,
                    "badges": {
                        "is_water": false,
                        "requires_age_check": false
                    },
                    "packaging": "Potet",
                    "thumbnail": "https://prod-mercadona.imgix.net/20190521/42/9242/vlc1/9242_00_02.jpg?fit=crop&h=206&w=206",
                    "display_name": "Farinetes pastanagues baby amb vedella Hero baby natur +6 mesos",
                    "bunch_selector": false,
                    "price_instructions": {
                        "iva": 10,
                        "is_new": false,
                        "is_pack": false,
                        "pack_size": null,
                        "unit_name": null,
                        "unit_size": 0.235,
                        "bulk_price": "4.21",
                        "unit_price": "0.99",
                        "approx_size": false,
                        "size_format": "kg",
                        "total_units": null,
                        "unit_selector": true,
                        "bunch_selector": false,
                        "drained_weight": null,
                        "price_decreased": false,
                        "reference_price": "4.21",
                        "min_bunch_amount": 1.0,
                        "reference_format": "kg",
                        "increment_bunch_amount": 1.0
                    }
                },
                {
                    "id": "9078",
                    "limit": 1000,
                    "badges": {
                        "is_water": false,
                        "requires_age_check": false
                    },
                    "packaging": "Potet",
                    "thumbnail": "https://prod-mercadona.imgix.net/20190521/78/9078/vlc1/9078_00_02.jpg?fit=crop&h=206&w=206",
                    "display_name": "Farinetes arròs blanc amb pollastre Nestlé +6 mesos",
                    "bunch_selector": false,
                    "price_instructions": {
                        "iva": 10,
                        "is_new": false,
                        "is_pack": false,
                        "pack_size": null,
                        "unit_name": null,
                        "unit_size": 0.25,
                        "bulk_price": "3.96",
                        "unit_price": "0.99",
                        "approx_size": false,
                        "size_format": "kg",
                        "total_units": null,
                        "unit_selector": true,
                        "bunch_selector": false,
                        "drained_weight": null,
                        "price_decreased": false,
                        "reference_price": "3.96",
                        "min_bunch_amount": 1.0,
                        "reference_format": "kg",
                        "increment_bunch_amount": 1.0
                    }
                },
                {
                    "id": "9142",
                    "limit": 1000,
                    "badges": {
                        "is_water": false,
                        "requires_age_check": false
                    },
                    "packaging": "Paquet-2",
                    "thumbnail": "https://prod-mercadona.imgix.net/20190521/42/9142/vlc1/9142_00_01.jpg?fit=crop&h=206&w=206",
                    "display_name": "Farinetes espaguetis amb carn i verduretes Hero baby +12 mesos sense triturar",
                    "bunch_selector": false,
                    "price_instructions": {
                        "iva": 10,
                        "is_new": false,
                        "is_pack": true,
                        "pack_size": 0.25,
                        "unit_name": "potets",
                        "unit_size": 0.5,
                        "bulk_price": "4.60",
                        "unit_price": "2.30",
                        "approx_size": false,
                        "size_format": "kg",
                        "total_units": 2,
                        "unit_selector": true,
                        "bunch_selector": false,
                        "drained_weight": null,
                        "price_decreased": false,
                        "reference_price": "4.60",
                        "min_bunch_amount": 1.0,
                        "reference_format": "kg",
                        "increment_bunch_amount": 1.0
                    }
                },
                {
                    "id": "9247",
                    "limit": 1000,
                    "badges": {
                        "is_water": false,
                        "requires_age_check": false
                    },
                    "packaging": "Potet",
                    "thumbnail": "https://prod-mercadona.imgix.net/20190521/47/9247/vlc1/9247_00_02.jpg?fit=crop&h=206&w=206",
                    "display_name": "Farinetes arròs amb pollastre Hero baby natur +6 mesos",
                    "bunch_selector": false,
                    "price_instructions": {
                        "iva": 10,
                        "is_new": false,
                        "is_pack": false,
                        "pack_size": null,
                        "unit_name": null,
                        "unit_size": 0.235,
                        "bulk_price": "4.21",
                        "unit_price": "0.99",
                        "approx_size": false,
                        "size_format": "kg",
                        "total_units": null,
                        "unit_selector": true,
                        "bunch_selector": false,
                        "drained_weight": null,
                        "price_decreased": false,
                        "reference_price": "4.21",
                        "min_bunch_amount": 1.0,
                        "reference_format": "kg",
                        "increment_bunch_amount": 1.0
                    }
                },
                {
                    "id": "9387",
                    "limit": 1000,
                    "badges": {
                        "is_water": false,
                        "requires_age_check": false
                    },
                    "packaging": "Paquet-2",
                    "thumbnail": "https://prod-mercadona.imgix.net/20190521/87/9387/vlc1/9387_00_01.jpg?fit=crop&h=206&w=206",
                    "display_name": "Farinetes minestra de xai amb crema Hero baby recetas caseras +6 mesos",
                    "bunch_selector": false,
                    "price_instructions": {
                        "iva": 10,
                        "is_new": false,
                        "is_pack": true,
                        "pack_size": 0.19,
                        "unit_name": "potets",
                        "unit_size": 0.38,
                        "bulk_price": "4.61",
                        "unit_price": "1.75",
                        "approx_size": false,
                        "size_format": "kg",
                        "total_units": 2,
                        "unit_selector": true,
                        "bunch_selector": false,
                        "drained_weight": null,
                        "price_decreased": false,
                        "reference_price": "4.60",
                        "min_bunch_amount": 1.0,
                        "reference_format": "kg",
                        "increment_bunch_amount": 1.0
                    }
                },
                {
                    "id": "9246",
                    "limit": 1000,
                    "badges": {
                        "is_water": false,
                        "requires_age_check": false
                    },
                    "packaging": "Potet",
                    "thumbnail": "https://prod-mercadona.imgix.net/20190521/46/9246/vlc1/9246_00_02.jpg?fit=crop&h=206&w=206",
                    "display_name": "Farinetes verduretes amb delícies de gall dindi Hero baby natur +6 mesos",
                    "bunch_selector": false,
                    "price_instructions": {
                        "iva": 10,
                        "is_new": false,
                        "is_pack": false,
                        "pack_size": null,
                        "unit_name": null,
                        "unit_size": 0.235,
                        "bulk_price": "4.21",
                        "unit_price": "0.99",
                        "approx_size": false,
                        "size_format": "kg",
                        "total_units": null,
                        "unit_selector": true,
                        "bunch_selector": false,
                        "drained_weight": null,
                        "price_decreased": false,
                        "reference_price": "4.21",
                        "min_bunch_amount": 1.0,
                        "reference_format": "kg",
                        "increment_bunch_amount": 1.0
                    }
                },
                {
                    "id": "9188",
                    "limit": 1000,
                    "badges": {
                        "is_water": false,
                        "requires_age_check": false
                    },
                    "packaging": "Bric",
                    "thumbnail": "https://prod-mercadona.imgix.net/20190521/88/9188/vlc1/9188_00_02.jpg?fit=crop&h=206&w=206",
                    "display_name": "Preparat lacti creixement +1 any Hacendado",
                    "bunch_selector": false,
                    "price_instructions": {
                        "iva": 10,
                        "is_new": false,
                        "is_pack": false,
                        "pack_size": null,
                        "unit_name": null,
                        "unit_size": 1.0,
                        "bulk_price": "1.05",
                        "unit_price": "1.05",
                        "approx_size": false,
                        "size_format": "l",
                        "total_units": null,
                        "unit_selector": true,
                        "bunch_selector": false,
                        "drained_weight": null,
                        "price_decreased": false,
                        "reference_price": "1.05",
                        "min_bunch_amount": 1.0,
                        "reference_format": "L",
                        "increment_bunch_amount": 1.0
                    }
                },
                {
                    "id": "9419",
                    "limit": 1000,
                    "badges": {
                        "is_water": false,
                        "requires_age_check": false
                    },
                    "packaging": "Bric",
                    "thumbnail": "https://prod-mercadona.imgix.net/20190521/19/9419/vlc1/9419_00_02.jpg?fit=crop&h=206&w=206",
                    "display_name": "Llet de continuació Peques 2 Puleva",
                    "bunch_selector": false,
                    "price_instructions": {
                        "iva": 10,
                        "is_new": false,
                        "is_pack": false,
                        "pack_size": null,
                        "unit_name": null,
                        "unit_size": 1.0,
                        "bulk_price": "1.45",
                        "unit_price": "1.45",
                        "approx_size": false,
                        "size_format": "l",
                        "total_units": null,
                        "unit_selector": true,
                        "bunch_selector": false,
                        "drained_weight": null,
                        "price_decreased": false,
                        "reference_price": "1.45",
                        "min_bunch_amount": 1.0,
                        "reference_format": "L",
                        "increment_bunch_amount": 1.0
                    }
                },
                {
                    "id": "9460",
                    "limit": 1000,
                    "badges": {
                        "is_water": false,
                        "requires_age_check": false
                    },
                    "packaging": "Capsa",
                    "thumbnail": "https://prod-mercadona.imgix.net/20190521/60/9460/vlc1/9460_00_02.jpg?fit=crop&h=206&w=206",
                    "display_name": "Farinetes cereals amb galeta Natur Balance +6 mesos",
                    "bunch_selector": false,
                    "price_instructions": {
                        "iva": 10,
                        "is_new": false,
                        "is_pack": false,
                        "pack_size": null,
                        "unit_name": null,
                        "unit_size": 0.6,
                        "bulk_price": "3.58",
                        "unit_price": "2.15",
                        "approx_size": false,
                        "size_format": "kg",
                        "total_units": null,
                        "unit_selector": true,
                        "bunch_selector": false,
                        "drained_weight": null,
                        "price_decreased": false,
                        "reference_price": "3.58",
                        "min_bunch_amount": 1.0,
                        "reference_format": "kg",
                        "increment_bunch_amount": 1.0
                    }
                },
                {
                    "id": "9461",
                    "limit": 1000,
                    "badges": {
                        "is_water": false,
                        "requires_age_check": false
                    },
                    "packaging": "Capsa",
                    "thumbnail": "https://prod-mercadona.imgix.net/20190521/61/9461/vlc1/9461_00_02.jpg?fit=crop&h=206&w=206",
                    "display_name": "Farinetes cereals sense gluten Natur Balance +4 mesos",
                    "bunch_selector": false,
                    "price_instructions": {
                        "iva": 10,
                        "is_new": false,
                        "is_pack": false,
                        "pack_size": null,
                        "unit_name": null,
                        "unit_size": 0.6,
                        "bulk_price": "3.67",
                        "unit_price": "2.20",
                        "approx_size": false,
                        "size_format": "kg",
                        "total_units": null,
                        "unit_selector": true,
                        "bunch_selector": false,
                        "drained_weight": null,
                        "price_decreased": false,
                        "reference_price": "3.67",
                        "min_bunch_amount": 1.0,
                        "reference_format": "kg",
                        "increment_bunch_amount": 1.0
                    }
                },
                {
                    "id": "9579",
                    "limit": 1000,
                    "badges": {
                        "is_water": false,
                        "requires_age_check": false
                    },
                    "packaging": "Capsa",
                    "thumbnail": "https://prod-mercadona.imgix.net/20190521/79/9579/vlc1/9579_00_01.jpg?fit=crop&h=206&w=206",
                    "display_name": "Farinetes sense gluten crema d'arròs Hero baby +4 mesos",
                    "bunch_selector": false,
                    "price_instructions": {
                        "iva": 10,
                        "is_new": false,
                        "is_pack": false,
                        "pack_size": null,
                        "unit_name": null,
                        "unit_size": 0.22,
                        "bulk_price": "9.05",
                        "unit_price": "1.99",
                        "approx_size": false,
                        "size_format": "kg",
                        "total_units": null,
                        "unit_selector": true,
                        "bunch_selector": false,
                        "drained_weight": null,
                        "price_decreased": false,
                        "reference_price": "9.04",
                        "min_bunch_amount": 1.0,
                        "reference_format": "kg",
                        "increment_bunch_amount": 1.0
                    }
                },
                {
                    "id": "9426",
                    "limit": 1000,
                    "badges": {
                        "is_water": false,
                        "requires_age_check": false
                    },
                    "packaging": "Capsa",
                    "thumbnail": "https://prod-mercadona.imgix.net/20190521/26/9426/vlc1/9426_00_01.jpg?fit=crop&h=206&w=206",
                    "display_name": "Iogurt líquid infantil de maduixa i plàtan Go-Lácteo +8 mesos",
                    "bunch_selector": false,
                    "price_instructions": {
                        "iva": 10,
                        "is_new": false,
                        "is_pack": false,
                        "pack_size": 0.09,
                        "unit_name": "u.",
                        "unit_size": 0.36,
                        "bulk_price": "6.11",
                        "unit_price": "2.20",
                        "approx_size": false,
                        "size_format": "kg",
                        "total_units": 4,
                        "unit_selector": true,
                        "bunch_selector": false,
                        "drained_weight": null,
                        "price_decreased": false,
                        "reference_price": "6.11",
                        "min_bunch_amount": 1.0,
                        "reference_format": "kg",
                        "increment_bunch_amount": 1.0
                    }
                },
                {
                    "id": "9193",
                    "limit": 1000,
                    "badges": {
                        "is_water": false,
                        "requires_age_check": false
                    },
                    "packaging": "Paquet-4",
                    "thumbnail": "https://prod-mercadona.imgix.net/20190521/93/9193/vlc1/9193_00_01.jpg?fit=crop&h=206&w=206",
                    "display_name": "Postres làcties infantils de plàtan Yogolino +6 mesos",
                    "bunch_selector": false,
                    "price_instructions": {
                        "iva": 10,
                        "is_new": false,
                        "is_pack": true,
                        "pack_size": 0.1,
                        "unit_name": "u.",
                        "unit_size": 0.4,
                        "bulk_price": "5.62",
                        "unit_price": "2.25",
                        "approx_size": false,
                        "size_format": "kg",
                        "total_units": 4,
                        "unit_selector": true,
                        "bunch_selector": false,
                        "drained_weight": null,
                        "price_decreased": false,
                        "reference_price": "5.62",
                        "min_bunch_amount": 1.0,
                        "reference_format": "kg",
                        "increment_bunch_amount": 1.0
                    }
                },
                {
                    "id": "9465",
                    "limit": 1000,
                    "badges": {
                        "is_water": false,
                        "requires_age_check": false
                    },
                    "packaging": "Paquet-2",
                    "thumbnail": "https://prod-mercadona.imgix.net/20190521/65/9465/vlc1/9465_00_01.jpg?fit=crop&h=206&w=206",
                    "display_name": "Natilles infantils amb galetes Hacendado +6 mesos",
                    "bunch_selector": false,
                    "price_instructions": {
                        "iva": 10,
                        "is_new": false,
                        "is_pack": true,
                        "pack_size": 0.13,
                        "unit_name": "u.",
                        "unit_size": 0.26,
                        "bulk_price": "6.54",
                        "unit_price": "1.70",
                        "approx_size": false,
                        "size_format": "kg",
                        "total_units": 2,
                        "unit_selector": true,
                        "bunch_selector": false,
                        "drained_weight": null,
                        "price_decreased": false,
                        "reference_price": "6.54",
                        "min_bunch_amount": 1.0,
                        "reference_format": "kg",
                        "increment_bunch_amount": 1.0
                    }
                },
                {
                    "id": "64241",
                    "limit": 1000,
                    "badges": {
                        "is_water": false,
                        "requires_age_check": false
                    },
                    "packaging": "Paquet-4",
                    "thumbnail": "https://prod-mercadona.imgix.net/20190521/41/64241/vlc1/64241_00_01.jpg?fit=crop&h=206&w=206",
                    "display_name": "Iogurt infantil fruites mio Bebé +6 mesos",
                    "bunch_selector": false,
                    "price_instructions": {
                        "iva": 10,
                        "is_new": false,
                        "is_pack": true,
                        "pack_size": 0.11,
                        "unit_name": "u.",
                        "unit_size": 0.44,
                        "bulk_price": "4.32",
                        "unit_price": "1.90",
                        "approx_size": false,
                        "size_format": "kg",
                        "total_units": 4,
                        "unit_selector": true,
                        "bunch_selector": false,
                        "drained_weight": null,
                        "price_decreased": false,
                        "reference_price": "4.32",
                        "min_bunch_amount": 1.0,
                        "reference_format": "kg",
                        "increment_bunch_amount": 1.0
                    }
                },
                {
                    "id": "64240",
                    "limit": 1000,
                    "badges": {
                        "is_water": false,
                        "requires_age_check": false
                    },
                    "packaging": "Paquet-4",
                    "thumbnail": "https://prod-mercadona.imgix.net/20190521/40/64240/vlc1/64240_00_01.jpg?fit=crop&h=206&w=206",
                    "display_name": "Iogurt infantil natural mio Bebé +6 mesos",
                    "bunch_selector": false,
                    "price_instructions": {
                        "iva": 10,
                        "is_new": false,
                        "is_pack": true,
                        "pack_size": 0.11,
                        "unit_name": "u.",
                        "unit_size": 0.44,
                        "bulk_price": "4.32",
                        "unit_price": "1.90",
                        "approx_size": false,
                        "size_format": "kg",
                        "total_units": 4,
                        "unit_selector": true,
                        "bunch_selector": false,
                        "drained_weight": null,
                        "price_decreased": false,
                        "reference_price": "4.32",
                        "min_bunch_amount": 1.0,
                        "reference_format": "kg",
                        "increment_bunch_amount": 1.0
                    }
                },
                {
                    "id": "9427",
                    "limit": 1000,
                    "badges": {
                        "is_water": false,
                        "requires_age_check": false
                    },
                    "packaging": "Capsa",
                    "thumbnail": "https://prod-mercadona.imgix.net/20190521/27/9427/vlc1/9427_00_01.jpg?fit=crop&h=206&w=206",
                    "display_name": "Iogurt líquid infantil de pera Go-Lácteo +6 mesos",
                    "bunch_selector": false,
                    "price_instructions": {
                        "iva": 10,
                        "is_new": false,
                        "is_pack": false,
                        "pack_size": 0.09,
                        "unit_name": "u.",
                        "unit_size": 0.36,
                        "bulk_price": "6.11",
                        "unit_price": "2.20",
                        "approx_size": false,
                        "size_format": "kg",
                        "total_units": 4,
                        "unit_selector": true,
                        "bunch_selector": false,
                        "drained_weight": null,
                        "price_decreased": false,
                        "reference_price": "6.11",
                        "min_bunch_amount": 1.0,
                        "reference_format": "kg",
                        "increment_bunch_amount": 1.0
                    }
                },
                {
                    "id": "9456",
                    "limit": 1000,
                    "badges": {
                        "is_water": false,
                        "requires_age_check": false
                    },
                    "packaging": "Capsa",
                    "thumbnail": "https://prod-mercadona.imgix.net/20190521/56/9456/vlc1/9456_00_01.jpg?fit=crop&h=206&w=206",
                    "display_name": "Iogurt líquid infantil amb cereals i mel Go-Lácteo +8 mesos",
                    "bunch_selector": false,
                    "price_instructions": {
                        "iva": 10,
                        "is_new": false,
                        "is_pack": false,
                        "pack_size": 0.09,
                        "unit_name": "u.",
                        "unit_size": 0.36,
                        "bulk_price": "6.11",
                        "unit_price": "2.20",
                        "approx_size": false,
                        "size_format": "kg",
                        "total_units": 4,
                        "unit_selector": true,
                        "bunch_selector": false,
                        "drained_weight": null,
                        "price_decreased": false,
                        "reference_price": "6.11",
                        "min_bunch_amount": 1.0,
                        "reference_format": "kg",
                        "increment_bunch_amount": 1.0
                    }
                },
                {
                    "id": "9425",
                    "limit": 1000,
                    "badges": {
                        "is_water": false,
                        "requires_age_check": false
                    },
                    "packaging": "Capsa",
                    "thumbnail": "https://prod-mercadona.imgix.net/20190521/25/9425/vlc1/9425_00_01.jpg?fit=crop&h=206&w=206",
                    "display_name": "Iogurt líquid infantil natural Go-Lácteo +6 mesos",
                    "bunch_selector": false,
                    "price_instructions": {
                        "iva": 10,
                        "is_new": false,
                        "is_pack": false,
                        "pack_size": 0.09,
                        "unit_name": "u.",
                        "unit_size": 0.36,
                        "bulk_price": "6.11",
                        "unit_price": "2.20",
                        "approx_size": false,
                        "size_format": "kg",
                        "total_units": 4,
                        "unit_selector": true,
                        "bunch_selector": false,
                        "drained_weight": null,
                        "price_decreased": false,
                        "reference_price": "6.11",
                        "min_bunch_amount": 1.0,
                        "reference_format": "kg",
                        "increment_bunch_amount": 1.0
                    }
                },
                {
                    "id": "9194",
                    "limit": 1000,
                    "badges": {
                        "is_water": false,
                        "requires_age_check": false
                    },
                    "packaging": "Paquet-4",
                    "thumbnail": "https://prod-mercadona.imgix.net/20190521/94/9194/vlc1/9194_00_01.jpg?fit=crop&h=206&w=206",
                    "display_name": "Postres làcties infantils gust natural Yogolino +6 mesos",
                    "bunch_selector": false,
                    "price_instructions": {
                        "iva": 10,
                        "is_new": false,
                        "is_pack": true,
                        "pack_size": 0.1,
                        "unit_name": "u.",
                        "unit_size": 0.4,
                        "bulk_price": "5.62",
                        "unit_price": "2.25",
                        "approx_size": false,
                        "size_format": "kg",
                        "total_units": 4,
                        "unit_selector": true,
                        "bunch_selector": false,
                        "drained_weight": null,
                        "price_decreased": false,
                        "reference_price": "5.62",
                        "min_bunch_amount": 1.0,
                        "reference_format": "kg",
                        "increment_bunch_amount": 1.0
                    }
                },
                {
                    "id": "9192",
                    "limit": 1000,
                    "badges": {
                        "is_water": false,
                        "requires_age_check": false
                    },
                    "packaging": "Paquet-4",
                    "thumbnail": "https://prod-mercadona.imgix.net/20190521/92/9192/vlc1/9192_00_01.jpg?fit=crop&h=206&w=206",
                    "display_name": "Postres làcties infantils de maduixa Yogolino +8 mesos",
                    "bunch_selector": false,
                    "price_instructions": {
                        "iva": 10,
                        "is_new": false,
                        "is_pack": true,
                        "pack_size": 0.1,
                        "unit_name": "u.",
                        "unit_size": 0.4,
                        "bulk_price": "5.62",
                        "unit_price": "2.25",
                        "approx_size": false,
                        "size_format": "kg",
                        "total_units": 4,
                        "unit_selector": true,
                        "bunch_selector": false,
                        "drained_weight": null,
                        "price_decreased": false,
                        "reference_price": "5.62",
                        "min_bunch_amount": 1.0,
                        "reference_format": "kg",
                        "increment_bunch_amount": 1.0
                    }
                },
                {
                    "id": "9472",
                    "limit": 1000,
                    "badges": {
                        "is_water": false,
                        "requires_age_check": false
                    },
                    "packaging": "Paquet-4",
                    "thumbnail": "https://prod-mercadona.imgix.net/20190521/72/9472/vlc1/9472_00_01.jpg?fit=crop&h=206&w=206",
                    "display_name": "Iogurt infantil cremós de poma i pera Go-Lácteo +6 mesos",
                    "bunch_selector": false,
                    "price_instructions": {
                        "iva": 10,
                        "is_new": false,
                        "is_pack": true,
                        "pack_size": 0.11,
                        "unit_name": "u.",
                        "unit_size": 0.44,
                        "bulk_price": "4.55",
                        "unit_price": "2.00",
                        "approx_size": false,
                        "size_format": "kg",
                        "total_units": 4,
                        "unit_selector": true,
                        "bunch_selector": false,
                        "drained_weight": null,
                        "price_decreased": false,
                        "reference_price": "4.54",
                        "min_bunch_amount": 1.0,
                        "reference_format": "kg",
                        "increment_bunch_amount": 1.0
                    }
                },
                {
                    "id": "9470",
                    "limit": 1000,
                    "badges": {
                        "is_water": false,
                        "requires_age_check": false
                    },
                    "packaging": "Paquet-4",
                    "thumbnail": "https://prod-mercadona.imgix.net/20190521/70/9470/vlc1/9470_00_01.jpg?fit=crop&h=206&w=206",
                    "display_name": "Iogurt infantil cremós de maduixa Go-Lácteo +8 mesos",
                    "bunch_selector": false,
                    "price_instructions": {
                        "iva": 10,
                        "is_new": false,
                        "is_pack": true,
                        "pack_size": 0.11,
                        "unit_name": "u.",
                        "unit_size": 0.44,
                        "bulk_price": "4.55",
                        "unit_price": "2.00",
                        "approx_size": false,
                        "size_format": "kg",
                        "total_units": 4,
                        "unit_selector": true,
                        "bunch_selector": false,
                        "drained_weight": null,
                        "price_decreased": false,
                        "reference_price": "4.54",
                        "min_bunch_amount": 1.0,
                        "reference_format": "kg",
                        "increment_bunch_amount": 1.0
                    }
                },
                {
                    "id": "9464",
                    "limit": 1000,
                    "badges": {
                        "is_water": false,
                        "requires_age_check": false
                    },
                    "packaging": "Paquet-2",
                    "thumbnail": "https://prod-mercadona.imgix.net/20190521/64/9464/vlc1/9464_00_01.jpg?fit=crop&h=206&w=206",
                    "display_name": "Farinetes fruita variada amb formatge fresc +6 mesos Hacendado",
                    "bunch_selector": false,
                    "price_instructions": {
                        "iva": 10,
                        "is_new": false,
                        "is_pack": true,
                        "pack_size": 0.11,
                        "unit_name": "potets",
                        "unit_size": 0.22,
                        "bulk_price": "6.73",
                        "unit_price": "1.48",
                        "approx_size": false,
                        "size_format": "kg",
                        "total_units": 2,
                        "unit_selector": true,
                        "bunch_selector": false,
                        "drained_weight": null,
                        "price_decreased": false,
                        "reference_price": "6.73",
                        "min_bunch_amount": 1.0,
                        "reference_format": "kg",
                        "increment_bunch_amount": 1.0
                    }
                },
                {
                    "id": "3294",
                    "limit": 1000,
                    "badges": {
                        "is_water": false,
                        "requires_age_check": false
                    },
                    "packaging": "Paquet-2",
                    "thumbnail": "https://prod-mercadona.imgix.net/20190521/94/3294/vlc1/3294_00_01.jpg?fit=crop&h=206&w=206",
                    "display_name": "Farinetes 5 fruites +4 mesos Hacendado",
                    "bunch_selector": false,
                    "price_instructions": {
                        "iva": 10,
                        "is_new": false,
                        "is_pack": true,
                        "pack_size": 0.2,
                        "unit_name": "potets",
                        "unit_size": 0.4,
                        "bulk_price": "3.88",
                        "unit_price": "1.55",
                        "approx_size": false,
                        "size_format": "kg",
                        "total_units": 2,
                        "unit_selector": true,
                        "bunch_selector": false,
                        "drained_weight": null,
                        "price_decreased": false,
                        "reference_price": "3.88",
                        "min_bunch_amount": 1.0,
                        "reference_format": "kg",
                        "increment_bunch_amount": 1.0
                    }
                },
                {
                    "id": "3299",
                    "limit": 1000,
                    "badges": {
                        "is_water": false,
                        "requires_age_check": false
                    },
                    "packaging": "Paquet-2",
                    "thumbnail": "https://prod-mercadona.imgix.net/20190521/99/3299/vlc1/3299_00_01.jpg?fit=crop&h=206&w=206",
                    "display_name": "Farinetes compota de poma +4 mesos Hacendado",
                    "bunch_selector": false,
                    "price_instructions": {
                        "iva": 10,
                        "is_new": false,
                        "is_pack": true,
                        "pack_size": 0.13,
                        "unit_name": "potets",
                        "unit_size": 0.26,
                        "bulk_price": "3.62",
                        "unit_price": "0.94",
                        "approx_size": false,
                        "size_format": "kg",
                        "total_units": 2,
                        "unit_selector": true,
                        "bunch_selector": false,
                        "drained_weight": null,
                        "price_decreased": false,
                        "reference_price": "3.62",
                        "min_bunch_amount": 1.0,
                        "reference_format": "kg",
                        "increment_bunch_amount": 1.0
                    }
                },
                {
                    "id": "3298",
                    "limit": 1000,
                    "badges": {
                        "is_water": false,
                        "requires_age_check": false
                    },
                    "packaging": "Paquet-4",
                    "thumbnail": "https://prod-mercadona.imgix.net/20190521/98/3298/vlc1/3298_00_01.jpg?fit=crop&h=206&w=206",
                    "display_name": "Farinetes plàtan, mandarina i pera +4 mesos Hacendado",
                    "bunch_selector": false,
                    "price_instructions": {
                        "iva": 10,
                        "is_new": false,
                        "is_pack": true,
                        "pack_size": 0.13,
                        "unit_name": "potets",
                        "unit_size": 0.52,
                        "bulk_price": "3.56",
                        "unit_price": "1.85",
                        "approx_size": false,
                        "size_format": "kg",
                        "total_units": 4,
                        "unit_selector": true,
                        "bunch_selector": false,
                        "drained_weight": null,
                        "price_decreased": false,
                        "reference_price": "3.56",
                        "min_bunch_amount": 1.0,
                        "reference_format": "kg",
                        "increment_bunch_amount": 1.0
                    }
                },
                {
                    "id": "9158",
                    "limit": 1000,
                    "badges": {
                        "is_water": false,
                        "requires_age_check": false
                    },
                    "packaging": "Capsa",
                    "thumbnail": "https://prod-mercadona.imgix.net/20190521/58/9158/vlc1/9158_00_01.jpg?fit=crop&h=206&w=206",
                    "display_name": "Farinetes instantànies 8 cereals amb galeta maria Nestlé +6 mesos",
                    "bunch_selector": false,
                    "price_instructions": {
                        "iva": 10,
                        "is_new": false,
                        "is_pack": false,
                        "pack_size": null,
                        "unit_name": null,
                        "unit_size": 0.6,
                        "bulk_price": "5.98",
                        "unit_price": "3.59",
                        "approx_size": false,
                        "size_format": "kg",
                        "total_units": null,
                        "unit_selector": true,
                        "bunch_selector": false,
                        "drained_weight": null,
                        "price_decreased": false,
                        "reference_price": "5.98",
                        "min_bunch_amount": 1.0,
                        "reference_format": "kg",
                        "increment_bunch_amount": 1.0
                    }
                },
                {
                    "id": "9075",
                    "limit": 1000,
                    "badges": {
                        "is_water": false,
                        "requires_age_check": false
                    },
                    "packaging": "Potet",
                    "thumbnail": "https://prod-mercadona.imgix.net/20190521/75/9075/vlc1/9075_00_02.jpg?fit=crop&h=206&w=206",
                    "display_name": "Farinetes jardinera de l'hort amb vedella Nestlé +6 mesos",
                    "bunch_selector": false,
                    "price_instructions": {
                        "iva": 10,
                        "is_new": false,
                        "is_pack": false,
                        "pack_size": null,
                        "unit_name": null,
                        "unit_size": 0.25,
                        "bulk_price": "3.96",
                        "unit_price": "0.99",
                        "approx_size": false,
                        "size_format": "kg",
                        "total_units": null,
                        "unit_selector": true,
                        "bunch_selector": false,
                        "drained_weight": null,
                        "price_decreased": false,
                        "reference_price": "3.96",
                        "min_bunch_amount": 1.0,
                        "reference_format": "kg",
                        "increment_bunch_amount": 1.0
                    }
                },
                {
                    "id": "9170",
                    "limit": 1000,
                    "badges": {
                        "is_water": false,
                        "requires_age_check": false
                    },
                    "packaging": "Paquet-2",
                    "thumbnail": "https://prod-mercadona.imgix.net/20190521/70/9170/vlc1/9170_00_02.jpg?fit=crop&h=206&w=206",
                    "display_name": "Farinetes líquides llet i cereals amb mel Nestlé Pijama +6 mesos",
                    "bunch_selector": false,
                    "price_instructions": {
                        "iva": 10,
                        "is_new": false,
                        "is_pack": true,
                        "pack_size": 0.25,
                        "unit_name": "brics petits",
                        "unit_size": 0.5,
                        "bulk_price": "4.00",
                        "unit_price": "2.00",
                        "approx_size": false,
                        "size_format": "l",
                        "total_units": 2,
                        "unit_selector": true,
                        "bunch_selector": false,
                        "drained_weight": null,
                        "price_decreased": false,
                        "reference_price": "4.00",
                        "min_bunch_amount": 1.0,
                        "reference_format": "L",
                        "increment_bunch_amount": 1.0
                    }
                },
                {
                    "id": "9049",
                    "limit": 1000,
                    "badges": {
                        "is_water": false,
                        "requires_age_check": false
                    },
                    "packaging": "Paquet-6",
                    "thumbnail": "https://prod-mercadona.imgix.net/20190521/49/9049/vlc1/9049_00_01.jpg?fit=crop&h=206&w=206",
                    "display_name": "Preparat lacti creixement Peques 3 Puleva",
                    "bunch_selector": false,
                    "price_instructions": {
                        "iva": 10,
                        "is_new": false,
                        "is_pack": true,
                        "pack_size": 1.0,
                        "unit_name": "brics",
                        "unit_size": 6.0,
                        "bulk_price": "1.45",
                        "unit_price": "8.70",
                        "approx_size": false,
                        "size_format": "l",
                        "total_units": 6,
                        "unit_selector": true,
                        "bunch_selector": false,
                        "drained_weight": null,
                        "price_decreased": false,
                        "reference_price": "1.45",
                        "min_bunch_amount": 1.0,
                        "reference_format": "L",
                        "increment_bunch_amount": 1.0
                    }
                },
                {
                    "id": "9057",
                    "limit": 1000,
                    "badges": {
                        "is_water": false,
                        "requires_age_check": false
                    },
                    "packaging": "Paquet-6",
                    "thumbnail": "https://prod-mercadona.imgix.net/20190521/57/9057/vlc1/9057_00_01.jpg?fit=crop&h=206&w=206",
                    "display_name": "Preparat lacti creixement amb cereals Peques 3 Puleva",
                    "bunch_selector": false,
                    "price_instructions": {
                        "iva": 10,
                        "is_new": false,
                        "is_pack": true,
                        "pack_size": 1.0,
                        "unit_name": "brics",
                        "unit_size": 6.0,
                        "bulk_price": "1.45",
                        "unit_price": "8.70",
                        "approx_size": false,
                        "size_format": "l",
                        "total_units": 6,
                        "unit_selector": true,
                        "bunch_selector": false,
                        "drained_weight": null,
                        "price_decreased": false,
                        "reference_price": "1.45",
                        "min_bunch_amount": 1.0,
                        "reference_format": "L",
                        "increment_bunch_amount": 1.0
                    }
                },
                {
                    "id": "9190",
                    "limit": 1000,
                    "badges": {
                        "is_water": false,
                        "requires_age_check": false
                    },
                    "packaging": "Paquet-6",
                    "thumbnail": "https://prod-mercadona.imgix.net/20190521/90/9190/vlc1/9190_00_01.jpg?fit=crop&h=206&w=206",
                    "display_name": "Preparat lacti creixement cacau i cereals +1 any Hacendado",
                    "bunch_selector": false,
                    "price_instructions": {
                        "iva": 10,
                        "is_new": false,
                        "is_pack": true,
                        "pack_size": 0.2,
                        "unit_name": "brics petits",
                        "unit_size": 1.2,
                        "bulk_price": "1.46",
                        "unit_price": "1.75",
                        "approx_size": false,
                        "size_format": "l",
                        "total_units": 6,
                        "unit_selector": true,
                        "bunch_selector": false,
                        "drained_weight": null,
                        "price_decreased": false,
                        "reference_price": "1.46",
                        "min_bunch_amount": 1.0,
                        "reference_format": "L",
                        "increment_bunch_amount": 1.0
                    }
                },
                {
                    "id": "9046",
                    "limit": 1000,
                    "badges": {
                        "is_water": false,
                        "requires_age_check": false
                    },
                    "packaging": "Paquet-4",
                    "thumbnail": "https://prod-mercadona.imgix.net/20190521/46/9046/vlc1/9046_00_01.jpg?fit=crop&h=206&w=206",
                    "display_name": "Preparat lacti creixement Junior Nestlé",
                    "bunch_selector": false,
                    "price_instructions": {
                        "iva": 10,
                        "is_new": false,
                        "is_pack": true,
                        "pack_size": 1.0,
                        "unit_name": "brics",
                        "unit_size": 4.0,
                        "bulk_price": "1.45",
                        "unit_price": "5.80",
                        "approx_size": false,
                        "size_format": "l",
                        "total_units": 4,
                        "unit_selector": true,
                        "bunch_selector": false,
                        "drained_weight": null,
                        "price_decreased": false,
                        "reference_price": "1.45",
                        "min_bunch_amount": 1.0,
                        "reference_format": "L",
                        "increment_bunch_amount": 1.0
                    }
                },
                {
                    "id": "9133",
                    "limit": 1000,
                    "badges": {
                        "is_water": false,
                        "requires_age_check": false
                    },
                    "packaging": "Paquet-2",
                    "thumbnail": "https://prod-mercadona.imgix.net/20190521/33/9133/vlc1/9133_00_01.jpg?fit=crop&h=206&w=206",
                    "display_name": "Farinetes còctel tropical +8 mesos Hacendado",
                    "bunch_selector": false,
                    "price_instructions": {
                        "iva": 10,
                        "is_new": false,
                        "is_pack": true,
                        "pack_size": 0.25,
                        "unit_name": "potets",
                        "unit_size": 0.5,
                        "bulk_price": "3.44",
                        "unit_price": "1.72",
                        "approx_size": false,
                        "size_format": "kg",
                        "total_units": 2,
                        "unit_selector": true,
                        "bunch_selector": false,
                        "drained_weight": null,
                        "price_decreased": false,
                        "reference_price": "3.44",
                        "min_bunch_amount": 1.0,
                        "reference_format": "kg",
                        "increment_bunch_amount": 1.0
                    }
                },
                {
                    "id": "9139",
                    "limit": 1000,
                    "badges": {
                        "is_water": false,
                        "requires_age_check": false
                    },
                    "packaging": "Capsa",
                    "thumbnail": "https://prod-mercadona.imgix.net/20190521/39/9139/vlc1/9139_00_01.jpg?fit=crop&h=206&w=206",
                    "display_name": "Farinetes instantànies 8 cereals amb mel Nestlé +6 mesos",
                    "bunch_selector": false,
                    "price_instructions": {
                        "iva": 10,
                        "is_new": false,
                        "is_pack": false,
                        "pack_size": null,
                        "unit_name": null,
                        "unit_size": 0.66,
                        "bulk_price": "5.76",
                        "unit_price": "3.80",
                        "approx_size": false,
                        "size_format": "kg",
                        "total_units": null,
                        "unit_selector": true,
                        "bunch_selector": false,
                        "drained_weight": null,
                        "price_decreased": false,
                        "reference_price": "5.76",
                        "min_bunch_amount": 1.0,
                        "reference_format": "kg",
                        "increment_bunch_amount": 1.0
                    }
                },
                {
                    "id": "9173",
                    "limit": 1000,
                    "badges": {
                        "is_water": false,
                        "requires_age_check": false
                    },
                    "packaging": "Paquet-2",
                    "thumbnail": "https://prod-mercadona.imgix.net/20190521/73/9173/vlc1/9173_00_02.jpg?fit=crop&h=206&w=206",
                    "display_name": "Farinetes líquides llet i cereals Nestlé Pijama + 6mesos",
                    "bunch_selector": false,
                    "price_instructions": {
                        "iva": 10,
                        "is_new": false,
                        "is_pack": true,
                        "pack_size": 0.25,
                        "unit_name": "brics petits",
                        "unit_size": 0.5,
                        "bulk_price": "4.00",
                        "unit_price": "2.00",
                        "approx_size": false,
                        "size_format": "l",
                        "total_units": 2,
                        "unit_selector": true,
                        "bunch_selector": false,
                        "drained_weight": null,
                        "price_decreased": false,
                        "reference_price": "4.00",
                        "min_bunch_amount": 1.0,
                        "reference_format": "L",
                        "increment_bunch_amount": 1.0
                    }
                },
                {
                    "id": "9112",
                    "limit": 1000,
                    "badges": {
                        "is_water": false,
                        "requires_age_check": false
                    },
                    "packaging": "Capsa",
                    "thumbnail": "https://prod-mercadona.imgix.net/20190521/12/9112/vlc1/9112_00_01.jpg?fit=crop&h=206&w=206",
                    "display_name": "Farinetes instantànies 8 cereals Nestlé +6 mesos",
                    "bunch_selector": false,
                    "price_instructions": {
                        "iva": 10,
                        "is_new": false,
                        "is_pack": false,
                        "pack_size": null,
                        "unit_name": null,
                        "unit_size": 0.66,
                        "bulk_price": "5.76",
                        "unit_price": "3.80",
                        "approx_size": false,
                        "size_format": "kg",
                        "total_units": null,
                        "unit_selector": true,
                        "bunch_selector": false,
                        "drained_weight": null,
                        "price_decreased": false,
                        "reference_price": "5.76",
                        "min_bunch_amount": 1.0,
                        "reference_format": "kg",
                        "increment_bunch_amount": 1.0
                    }
                },
                {
                    "id": "9191",
                    "limit": 1000,
                    "badges": {
                        "is_water": false,
                        "requires_age_check": false
                    },
                    "packaging": "Capsa",
                    "thumbnail": "https://prod-mercadona.imgix.net/20190521/91/9191/vlc1/9191_00_02.jpg?fit=crop&h=206&w=206",
                    "display_name": "Farinetes instantànies 8 cereals amb cacau Nestlé +12 mesos",
                    "bunch_selector": false,
                    "price_instructions": {
                        "iva": 10,
                        "is_new": false,
                        "is_pack": false,
                        "pack_size": null,
                        "unit_name": null,
                        "unit_size": 0.6,
                        "bulk_price": "5.98",
                        "unit_price": "3.59",
                        "approx_size": false,
                        "size_format": "kg",
                        "total_units": null,
                        "unit_selector": true,
                        "bunch_selector": false,
                        "drained_weight": null,
                        "price_decreased": false,
                        "reference_price": "5.98",
                        "min_bunch_amount": 1.0,
                        "reference_format": "kg",
                        "increment_bunch_amount": 1.0
                    }
                },
                {
                    "id": "9019",
                    "limit": 1000,
                    "badges": {
                        "is_water": false,
                        "requires_age_check": false
                    },
                    "packaging": "Paquet-2",
                    "thumbnail": "https://prod-mercadona.imgix.net/20190521/19/9019/vlc1/9019_00_01.jpg?fit=crop&h=206&w=206",
                    "display_name": "Farinetes plàtan, taronja i galeta +4 mesos Hacendado",
                    "bunch_selector": false,
                    "price_instructions": {
                        "iva": 10,
                        "is_new": false,
                        "is_pack": true,
                        "pack_size": 0.2,
                        "unit_name": "potets",
                        "unit_size": 0.4,
                        "bulk_price": "3.75",
                        "unit_price": "1.50",
                        "approx_size": false,
                        "size_format": "kg",
                        "total_units": 2,
                        "unit_selector": true,
                        "bunch_selector": false,
                        "drained_weight": null,
                        "price_decreased": false,
                        "reference_price": "3.75",
                        "min_bunch_amount": 1.0,
                        "reference_format": "kg",
                        "increment_bunch_amount": 1.0
                    }
                },
                {
                    "id": "9029",
                    "limit": 1000,
                    "badges": {
                        "is_water": false,
                        "requires_age_check": false
                    },
                    "packaging": "Paquet-2",
                    "thumbnail": "https://prod-mercadona.imgix.net/20190521/29/9029/vlc1/9029_00_01.jpg?fit=crop&h=206&w=206",
                    "display_name": "Farinetes 4 fruites amb avena +8 mesos Hacendado",
                    "bunch_selector": false,
                    "price_instructions": {
                        "iva": 10,
                        "is_new": false,
                        "is_pack": true,
                        "pack_size": 0.2,
                        "unit_name": "potets",
                        "unit_size": 0.4,
                        "bulk_price": "4.12",
                        "unit_price": "1.65",
                        "approx_size": false,
                        "size_format": "kg",
                        "total_units": 2,
                        "unit_selector": true,
                        "bunch_selector": false,
                        "drained_weight": null,
                        "price_decreased": false,
                        "reference_price": "4.12",
                        "min_bunch_amount": 1.0,
                        "reference_format": "kg",
                        "increment_bunch_amount": 1.0
                    }
                },
                {
                    "id": "9018",
                    "limit": 1000,
                    "badges": {
                        "is_water": false,
                        "requires_age_check": false
                    },
                    "packaging": "Paquet-4",
                    "thumbnail": "https://prod-mercadona.imgix.net/20190521/18/9018/vlc1/9018_00_01.jpg?fit=crop&h=206&w=206",
                    "display_name": "Farinetes fruita variada +4 mesos Hacendado",
                    "bunch_selector": false,
                    "price_instructions": {
                        "iva": 10,
                        "is_new": false,
                        "is_pack": true,
                        "pack_size": 0.13,
                        "unit_name": "potets",
                        "unit_size": 0.52,
                        "bulk_price": "3.56",
                        "unit_price": "1.85",
                        "approx_size": false,
                        "size_format": "kg",
                        "total_units": 4,
                        "unit_selector": true,
                        "bunch_selector": false,
                        "drained_weight": null,
                        "price_decreased": false,
                        "reference_price": "3.56",
                        "min_bunch_amount": 1.0,
                        "reference_format": "kg",
                        "increment_bunch_amount": 1.0
                    }
                },
                {
                    "id": "9131",
                    "limit": 1000,
                    "badges": {
                        "is_water": false,
                        "requires_age_check": false
                    },
                    "packaging": "Paquet-2",
                    "thumbnail": "https://prod-mercadona.imgix.net/20190521/31/9131/vlc1/9131_00_01.jpg?fit=crop&h=206&w=206",
                    "display_name": "Farinetes fruita variada +4 mesos Hacendado",
                    "bunch_selector": false,
                    "price_instructions": {
                        "iva": 10,
                        "is_new": false,
                        "is_pack": true,
                        "pack_size": 0.25,
                        "unit_name": "potets",
                        "unit_size": 0.5,
                        "bulk_price": "3.44",
                        "unit_price": "1.72",
                        "approx_size": false,
                        "size_format": "kg",
                        "total_units": 2,
                        "unit_selector": true,
                        "bunch_selector": false,
                        "drained_weight": null,
                        "price_decreased": false,
                        "reference_price": "3.44",
                        "min_bunch_amount": 1.0,
                        "reference_format": "kg",
                        "increment_bunch_amount": 1.0
                    }
                },
                {
                    "id": "9123",
                    "limit": 1000,
                    "badges": {
                        "is_water": false,
                        "requires_age_check": false
                    },
                    "packaging": "Paquet-2",
                    "thumbnail": "https://prod-mercadona.imgix.net/20190521/23/9123/vlc1/9123_00_01.jpg?fit=crop&h=206&w=206",
                    "display_name": "Farinetes 4 fruites amb iogurt +6 mesos Hacendado",
                    "bunch_selector": false,
                    "price_instructions": {
                        "iva": 10,
                        "is_new": false,
                        "is_pack": true,
                        "pack_size": 0.2,
                        "unit_name": "potets",
                        "unit_size": 0.4,
                        "bulk_price": "4.12",
                        "unit_price": "1.65",
                        "approx_size": false,
                        "size_format": "kg",
                        "total_units": 2,
                        "unit_selector": true,
                        "bunch_selector": false,
                        "drained_weight": null,
                        "price_decreased": false,
                        "reference_price": "4.12",
                        "min_bunch_amount": 1.0,
                        "reference_format": "kg",
                        "increment_bunch_amount": 1.0
                    }
                },
                {
                    "id": "9171",
                    "limit": 1000,
                    "badges": {
                        "is_water": false,
                        "requires_age_check": false
                    },
                    "packaging": "Paquet-2",
                    "thumbnail": "https://prod-mercadona.imgix.net/20190521/71/9171/vlc1/9171_00_02.jpg?fit=crop&h=206&w=206",
                    "display_name": "Farinetes líquides llet i cereals multifruites Nestlé +6 mesos",
                    "bunch_selector": false,
                    "price_instructions": {
                        "iva": 10,
                        "is_new": false,
                        "is_pack": true,
                        "pack_size": 0.25,
                        "unit_name": "brics petits",
                        "unit_size": 0.5,
                        "bulk_price": "4.00",
                        "unit_price": "2.00",
                        "approx_size": false,
                        "size_format": "l",
                        "total_units": 2,
                        "unit_selector": true,
                        "bunch_selector": false,
                        "drained_weight": null,
                        "price_decreased": false,
                        "reference_price": "4.00",
                        "min_bunch_amount": 1.0,
                        "reference_format": "L",
                        "increment_bunch_amount": 1.0
                    }
                },
                {
                    "id": "9459",
                    "limit": 1000,
                    "badges": {
                        "is_water": false,
                        "requires_age_check": false
                    },
                    "packaging": "Capsa",
                    "thumbnail": "https://prod-mercadona.imgix.net/20190521/59/9459/vlc1/9459_00_01.jpg?fit=crop&h=206&w=206",
                    "display_name": "Farinetes 8 cereals amb mel Natur Balance +6 mesos",
                    "bunch_selector": false,
                    "price_instructions": {
                        "iva": 10,
                        "is_new": false,
                        "is_pack": false,
                        "pack_size": null,
                        "unit_name": null,
                        "unit_size": 0.6,
                        "bulk_price": "3.58",
                        "unit_price": "2.15",
                        "approx_size": false,
                        "size_format": "kg",
                        "total_units": null,
                        "unit_selector": true,
                        "bunch_selector": false,
                        "drained_weight": null,
                        "price_decreased": false,
                        "reference_price": "3.58",
                        "min_bunch_amount": 1.0,
                        "reference_format": "kg",
                        "increment_bunch_amount": 1.0
                    }
                },
                {
                    "id": "9458",
                    "limit": 1000,
                    "badges": {
                        "is_water": false,
                        "requires_age_check": false
                    },
                    "packaging": "Capsa",
                    "thumbnail": "https://prod-mercadona.imgix.net/20190521/58/9458/vlc1/9458_00_01.jpg?fit=crop&h=206&w=206",
                    "display_name": "Farinetes multicereals Natur Balance +6 mesos",
                    "bunch_selector": false,
                    "price_instructions": {
                        "iva": 10,
                        "is_new": false,
                        "is_pack": false,
                        "pack_size": null,
                        "unit_name": null,
                        "unit_size": 0.6,
                        "bulk_price": "3.58",
                        "unit_price": "2.15",
                        "approx_size": false,
                        "size_format": "kg",
                        "total_units": null,
                        "unit_selector": true,
                        "bunch_selector": false,
                        "drained_weight": null,
                        "price_decreased": false,
                        "reference_price": "3.58",
                        "min_bunch_amount": 1.0,
                        "reference_format": "kg",
                        "increment_bunch_amount": 1.0
                    }
                },
                {
                    "id": "9149",
                    "limit": 1000,
                    "badges": {
                        "is_water": false,
                        "requires_age_check": false
                    },
                    "packaging": "Paquet-2",
                    "thumbnail": "https://prod-mercadona.imgix.net/20190521/49/9149/vlc1/9149_00_02.jpg?fit=crop&h=206&w=206",
                    "display_name": "Farinetes líquides llet i cereals amb galeta maria Nestlé +6 mesos",
                    "bunch_selector": false,
                    "price_instructions": {
                        "iva": 10,
                        "is_new": false,
                        "is_pack": true,
                        "pack_size": 0.25,
                        "unit_name": "brics petits",
                        "unit_size": 0.5,
                        "bulk_price": "4.00",
                        "unit_price": "2.00",
                        "approx_size": false,
                        "size_format": "l",
                        "total_units": 2,
                        "unit_selector": true,
                        "bunch_selector": false,
                        "drained_weight": null,
                        "price_decreased": false,
                        "reference_price": "4.00",
                        "min_bunch_amount": 1.0,
                        "reference_format": "L",
                        "increment_bunch_amount": 1.0
                    }
                },
                {
                    "id": "9058",
                    "limit": 1000,
                    "badges": {
                        "is_water": false,
                        "requires_age_check": false
                    },
                    "packaging": "Potet",
                    "thumbnail": "https://prod-mercadona.imgix.net/20190521/58/9058/vlc1/9058_00_02.jpg?fit=crop&h=206&w=206",
                    "display_name": "Farinetes verduretes amb pollastre i vedella Hero baby natur +6 mesos",
                    "bunch_selector": false,
                    "price_instructions": {
                        "iva": 10,
                        "is_new": false,
                        "is_pack": false,
                        "pack_size": null,
                        "unit_name": null,
                        "unit_size": 0.235,
                        "bulk_price": "4.21",
                        "unit_price": "0.99",
                        "approx_size": false,
                        "size_format": "kg",
                        "total_units": null,
                        "unit_selector": true,
                        "bunch_selector": false,
                        "drained_weight": null,
                        "price_decreased": false,
                        "reference_price": "4.21",
                        "min_bunch_amount": 1.0,
                        "reference_format": "kg",
                        "increment_bunch_amount": 1.0
                    }
                }
            ],
            "is_extended": false
        },
        {
            "id": 219,
            "name": "Biberó, xumet i parament",
            "layout": 1,
            "products": [
                {
                    "id": "47472",
                    "limit": 1000,
                    "badges": {
                        "is_water": false,
                        "requires_age_check": false
                    },
                    "packaging": "Paquet",
                    "thumbnail": "https://prod-mercadona.imgix.net/20190521/72/47472/vlc1/47472_00_02.jpg?fit=crop&h=206&w=206",
                    "display_name": "Pitet d'un sol ús Libero",
                    "bunch_selector": false,
                    "price_instructions": {
                        "iva": 21,
                        "is_new": false,
                        "is_pack": false,
                        "pack_size": null,
                        "unit_name": null,
                        "unit_size": 10.0,
                        "bulk_price": "0.20",
                        "unit_price": "1.95",
                        "approx_size": false,
                        "size_format": "ud",
                        "total_units": null,
                        "unit_selector": true,
                        "bunch_selector": false,
                        "drained_weight": null,
                        "price_decreased": false,
                        "reference_price": "0.20",
                        "min_bunch_amount": 1.0,
                        "reference_format": "ud",
                        "increment_bunch_amount": 1.0
                    }
                },
                {
                    "id": "79340",
                    "limit": 1000,
                    "badges": {
                        "is_water": false,
                        "requires_age_check": false
                    },
                    "packaging": "Paquet",
                    "thumbnail": "https://prod-mercadona.imgix.net/20190521/40/79340/vlc1/79340_00_02.jpg?fit=crop&h=206&w=206",
                    "display_name": "Pitet mitjà de 4 a 12 mesos Deliplus",
                    "bunch_selector": false,
                    "price_instructions": {
                        "iva": 21,
                        "is_new": false,
                        "is_pack": false,
                        "pack_size": null,
                        "unit_name": null,
                        "unit_size": 2.0,
                        "bulk_price": "2.10",
                        "unit_price": "4.20",
                        "approx_size": false,
                        "size_format": "ud",
                        "total_units": null,
                        "unit_selector": true,
                        "bunch_selector": false,
                        "drained_weight": null,
                        "price_decreased": false,
                        "reference_price": "2.10",
                        "min_bunch_amount": 1.0,
                        "reference_format": "ud",
                        "increment_bunch_amount": 1.0
                    }
                },
                {
                    "id": "79339",
                    "limit": 1000,
                    "badges": {
                        "is_water": false,
                        "requires_age_check": false
                    },
                    "packaging": "Paquet",
                    "thumbnail": "https://prod-mercadona.imgix.net/20190521/39/79339/vlc1/79339_00_02.jpg?fit=crop&h=206&w=206",
                    "display_name": "Pitet petit de 0 a 4 mesos Deliplus",
                    "bunch_selector": false,
                    "price_instructions": {
                        "iva": 21,
                        "is_new": false,
                        "is_pack": false,
                        "pack_size": null,
                        "unit_name": null,
                        "unit_size": 2.0,
                        "bulk_price": "2.00",
                        "unit_price": "4.00",
                        "approx_size": false,
                        "size_format": "ud",
                        "total_units": null,
                        "unit_selector": true,
                        "bunch_selector": false,
                        "drained_weight": null,
                        "price_decreased": false,
                        "reference_price": "2.00",
                        "min_bunch_amount": 1.0,
                        "reference_format": "ud",
                        "increment_bunch_amount": 1.0
                    }
                },
                {
                    "id": "79341",
                    "limit": 1000,
                    "badges": {
                        "is_water": false,
                        "requires_age_check": false
                    },
                    "packaging": "Paquet",
                    "thumbnail": "https://prod-mercadona.imgix.net/20190521/41/79341/vlc1/79341_00_02.jpg?fit=crop&h=206&w=206",
                    "display_name": "Pitet gran de plàstic de 12 a 36 mesos Deliplus",
                    "bunch_selector": false,
                    "price_instructions": {
                        "iva": 21,
                        "is_new": false,
                        "is_pack": false,
                        "pack_size": 0.0,
                        "unit_name": null,
                        "unit_size": 2.0,
                        "bulk_price": "2.50",
                        "unit_price": "5.00",
                        "approx_size": false,
                        "size_format": "ud",
                        "total_units": null,
                        "unit_selector": true,
                        "bunch_selector": false,
                        "drained_weight": null,
                        "price_decreased": false,
                        "reference_price": "2.50",
                        "min_bunch_amount": 1.0,
                        "reference_format": "ud",
                        "increment_bunch_amount": 1.0
                    }
                },
                {
                    "id": "77161",
                    "limit": 1000,
                    "badges": {
                        "is_water": false,
                        "requires_age_check": false
                    },
                    "packaging": null,
                    "thumbnail": "https://prod-mercadona.imgix.net/20190521/61/77161/vlc1/77161_00_02.jpg?fit=crop&h=206&w=206",
                    "display_name": "Got per a nadó antidegoteig Deliplus",
                    "bunch_selector": false,
                    "price_instructions": {
                        "iva": 21,
                        "is_new": false,
                        "is_pack": false,
                        "pack_size": null,
                        "unit_name": null,
                        "unit_size": 1.0,
                        "bulk_price": "4.95",
                        "unit_price": "4.95",
                        "approx_size": false,
                        "size_format": "ud",
                        "total_units": null,
                        "unit_selector": true,
                        "bunch_selector": false,
                        "drained_weight": null,
                        "price_decreased": false,
                        "reference_price": "4.95",
                        "min_bunch_amount": 1.0,
                        "reference_format": "ud",
                        "increment_bunch_amount": 1.0
                    }
                },
                {
                    "id": "77986",
                    "limit": 1000,
                    "badges": {
                        "is_water": false,
                        "requires_age_check": false
                    },
                    "packaging": "Paquet",
                    "thumbnail": "https://prod-mercadona.imgix.net/20190521/86/77986/vlc1/77986_00_02.jpg?fit=crop&h=206&w=206",
                    "display_name": "Xumet làtex anatòmic +12 mesos Deliplus",
                    "bunch_selector": false,
                    "price_instructions": {
                        "iva": 21,
                        "is_new": false,
                        "is_pack": false,
                        "pack_size": null,
                        "unit_name": null,
                        "unit_size": 2.0,
                        "bulk_price": "1.98",
                        "unit_price": "3.95",
                        "approx_size": false,
                        "size_format": "ud",
                        "total_units": null,
                        "unit_selector": true,
                        "bunch_selector": false,
                        "drained_weight": null,
                        "price_decreased": false,
                        "reference_price": "1.98",
                        "min_bunch_amount": 1.0,
                        "reference_format": "ud",
                        "increment_bunch_amount": 1.0
                    }
                },
                {
                    "id": "77167",
                    "limit": 1000,
                    "badges": {
                        "is_water": false,
                        "requires_age_check": false
                    },
                    "packaging": null,
                    "thumbnail": "https://prod-mercadona.imgix.net/20190521/67/77167/vlc1/77167_00_10.jpg?fit=crop&h=206&w=206",
                    "display_name": "Biberó 360 ml Deliplus",
                    "bunch_selector": false,
                    "price_instructions": {
                        "iva": 21,
                        "is_new": false,
                        "is_pack": false,
                        "pack_size": null,
                        "unit_name": null,
                        "unit_size": 1.0,
                        "bulk_price": "3.95",
                        "unit_price": "3.95",
                        "approx_size": false,
                        "size_format": "ud",
                        "total_units": null,
                        "unit_selector": true,
                        "bunch_selector": false,
                        "drained_weight": null,
                        "price_decreased": false,
                        "reference_price": "3.95",
                        "min_bunch_amount": 1.0,
                        "reference_format": "ud",
                        "increment_bunch_amount": 1.0
                    }
                },
                {
                    "id": "77614",
                    "limit": 1000,
                    "badges": {
                        "is_water": false,
                        "requires_age_check": false
                    },
                    "packaging": null,
                    "thumbnail": "https://prod-mercadona.imgix.net/20190521/14/77614/vlc1/77614_00_10.jpg?fit=crop&h=206&w=206",
                    "display_name": "Biberó 270 ml Deliplus",
                    "bunch_selector": false,
                    "price_instructions": {
                        "iva": 21,
                        "is_new": false,
                        "is_pack": false,
                        "pack_size": null,
                        "unit_name": null,
                        "unit_size": 1.0,
                        "bulk_price": "3.85",
                        "unit_price": "3.85",
                        "approx_size": false,
                        "size_format": "ud",
                        "total_units": null,
                        "unit_selector": true,
                        "bunch_selector": false,
                        "drained_weight": null,
                        "price_decreased": false,
                        "reference_price": "3.85",
                        "min_bunch_amount": 1.0,
                        "reference_format": "ud",
                        "increment_bunch_amount": 1.0
                    }
                },
                {
                    "id": "77544",
                    "limit": 1000,
                    "badges": {
                        "is_water": false,
                        "requires_age_check": false
                    },
                    "packaging": "Paquet",
                    "thumbnail": "https://prod-mercadona.imgix.net/20190521/44/77544/vlc1/77544_00_02.jpg?fit=crop&h=206&w=206",
                    "display_name": "Tetina silicona especial farinetes +4 mesos Deliplus",
                    "bunch_selector": false,
                    "price_instructions": {
                        "iva": 21,
                        "is_new": false,
                        "is_pack": false,
                        "pack_size": null,
                        "unit_name": null,
                        "unit_size": 2.0,
                        "bulk_price": "1.48",
                        "unit_price": "2.95",
                        "approx_size": false,
                        "size_format": "ud",
                        "total_units": null,
                        "unit_selector": true,
                        "bunch_selector": false,
                        "drained_weight": null,
                        "price_decreased": false,
                        "reference_price": "1.48",
                        "min_bunch_amount": 1.0,
                        "reference_format": "ud",
                        "increment_bunch_amount": 1.0
                    }
                },
                {
                    "id": "77608",
                    "limit": 1000,
                    "badges": {
                        "is_water": false,
                        "requires_age_check": false
                    },
                    "packaging": "Paquet",
                    "thumbnail": "https://prod-mercadona.imgix.net/20190521/08/77608/vlc1/77608_00_02.jpg?fit=crop&h=206&w=206",
                    "display_name": "Tetina làtex tres posicions +0 mesos Deliplus",
                    "bunch_selector": false,
                    "price_instructions": {
                        "iva": 21,
                        "is_new": false,
                        "is_pack": false,
                        "pack_size": null,
                        "unit_name": null,
                        "unit_size": 2.0,
                        "bulk_price": "1.48",
                        "unit_price": "2.95",
                        "approx_size": false,
                        "size_format": "ud",
                        "total_units": null,
                        "unit_selector": true,
                        "bunch_selector": false,
                        "drained_weight": null,
                        "price_decreased": false,
                        "reference_price": "1.48",
                        "min_bunch_amount": 1.0,
                        "reference_format": "ud",
                        "increment_bunch_amount": 1.0
                    }
                },
                {
                    "id": "77988",
                    "limit": 1000,
                    "badges": {
                        "is_water": false,
                        "requires_age_check": false
                    },
                    "packaging": "Paquet",
                    "thumbnail": "https://prod-mercadona.imgix.net/20190521/88/77988/vlc1/77988_00_02.jpg?fit=crop&h=206&w=206",
                    "display_name": "Xumet làtex anatòmic +12 mesos Deliplus",
                    "bunch_selector": false,
                    "price_instructions": {
                        "iva": 21,
                        "is_new": false,
                        "is_pack": false,
                        "pack_size": null,
                        "unit_name": null,
                        "unit_size": 2.0,
                        "bulk_price": "1.98",
                        "unit_price": "3.95",
                        "approx_size": false,
                        "size_format": "ud",
                        "total_units": null,
                        "unit_selector": true,
                        "bunch_selector": false,
                        "drained_weight": null,
                        "price_decreased": false,
                        "reference_price": "1.98",
                        "min_bunch_amount": 1.0,
                        "reference_format": "ud",
                        "increment_bunch_amount": 1.0
                    }
                },
                {
                    "id": "78041",
                    "limit": 1000,
                    "badges": {
                        "is_water": false,
                        "requires_age_check": false
                    },
                    "packaging": "Paquet",
                    "thumbnail": "https://prod-mercadona.imgix.net/20190521/41/78041/vlc1/78041_00_02.jpg?fit=crop&h=206&w=206",
                    "display_name": "Xumet làtex anatòmic +0 a 6 mesos Deliplus",
                    "bunch_selector": false,
                    "price_instructions": {
                        "iva": 21,
                        "is_new": false,
                        "is_pack": false,
                        "pack_size": null,
                        "unit_name": null,
                        "unit_size": 1.0,
                        "bulk_price": "1.95",
                        "unit_price": "1.95",
                        "approx_size": false,
                        "size_format": "ud",
                        "total_units": null,
                        "unit_selector": true,
                        "bunch_selector": false,
                        "drained_weight": null,
                        "price_decreased": false,
                        "reference_price": "1.95",
                        "min_bunch_amount": 1.0,
                        "reference_format": "ud",
                        "increment_bunch_amount": 1.0
                    }
                },
                {
                    "id": "77162",
                    "limit": 1000,
                    "badges": {
                        "is_water": false,
                        "requires_age_check": false
                    },
                    "packaging": null,
                    "thumbnail": "https://prod-mercadona.imgix.net/20190521/62/77162/vlc1/77162_00_02.jpg?fit=crop&h=206&w=206",
                    "display_name": "Got per a nadó antidegoteig Deliplus",
                    "bunch_selector": false,
                    "price_instructions": {
                        "iva": 21,
                        "is_new": false,
                        "is_pack": false,
                        "pack_size": null,
                        "unit_name": null,
                        "unit_size": 1.0,
                        "bulk_price": "4.95",
                        "unit_price": "4.95",
                        "approx_size": false,
                        "size_format": "ud",
                        "total_units": null,
                        "unit_selector": true,
                        "bunch_selector": false,
                        "drained_weight": null,
                        "price_decreased": false,
                        "reference_price": "4.95",
                        "min_bunch_amount": 1.0,
                        "reference_format": "ud",
                        "increment_bunch_amount": 1.0
                    }
                },
                {
                    "id": "77973",
                    "limit": 1000,
                    "badges": {
                        "is_water": false,
                        "requires_age_check": false
                    },
                    "packaging": "Paquet",
                    "thumbnail": "https://prod-mercadona.imgix.net/20190521/73/77973/vlc1/77973_00_02.jpg?fit=crop&h=206&w=206",
                    "display_name": "Fermall pinça xumet +0 mesos Deliplus",
                    "bunch_selector": false,
                    "price_instructions": {
                        "iva": 21,
                        "is_new": false,
                        "is_pack": false,
                        "pack_size": null,
                        "unit_name": null,
                        "unit_size": 1.0,
                        "bulk_price": "2.60",
                        "unit_price": "2.60",
                        "approx_size": false,
                        "size_format": "ud",
                        "total_units": null,
                        "unit_selector": true,
                        "bunch_selector": false,
                        "drained_weight": null,
                        "price_decreased": false,
                        "reference_price": "2.60",
                        "min_bunch_amount": 1.0,
                        "reference_format": "ud",
                        "increment_bunch_amount": 1.0
                    }
                },
                {
                    "id": "77987",
                    "limit": 1000,
                    "badges": {
                        "is_water": false,
                        "requires_age_check": false
                    },
                    "packaging": "Paquet",
                    "thumbnail": "https://prod-mercadona.imgix.net/20190521/87/77987/vlc1/77987_00_02.jpg?fit=crop&h=206&w=206",
                    "display_name": "Fermall pinça xumet +0 mesos Deliplus",
                    "bunch_selector": false,
                    "price_instructions": {
                        "iva": 21,
                        "is_new": false,
                        "is_pack": false,
                        "pack_size": null,
                        "unit_name": null,
                        "unit_size": 1.0,
                        "bulk_price": "2.60",
                        "unit_price": "2.60",
                        "approx_size": false,
                        "size_format": "ud",
                        "total_units": null,
                        "unit_selector": true,
                        "bunch_selector": false,
                        "drained_weight": null,
                        "price_decreased": false,
                        "reference_price": "2.60",
                        "min_bunch_amount": 1.0,
                        "reference_format": "ud",
                        "increment_bunch_amount": 1.0
                    }
                },
                {
                    "id": "77703",
                    "limit": 1000,
                    "badges": {
                        "is_water": false,
                        "requires_age_check": false
                    },
                    "packaging": "Paquet",
                    "thumbnail": "https://prod-mercadona.imgix.net/20190521/03/77703/vlc1/77703_00_02.jpg?fit=crop&h=206&w=206",
                    "display_name": "Penja-robes nadó rosa Deliplus",
                    "bunch_selector": false,
                    "price_instructions": {
                        "iva": 21,
                        "is_new": false,
                        "is_pack": false,
                        "pack_size": null,
                        "unit_name": null,
                        "unit_size": 4.0,
                        "bulk_price": "0.49",
                        "unit_price": "1.95",
                        "approx_size": false,
                        "size_format": "ud",
                        "total_units": null,
                        "unit_selector": true,
                        "bunch_selector": false,
                        "drained_weight": null,
                        "price_decreased": false,
                        "reference_price": "0.49",
                        "min_bunch_amount": 1.0,
                        "reference_format": "ud",
                        "increment_bunch_amount": 1.0
                    }
                },
                {
                    "id": "77718",
                    "limit": 1000,
                    "badges": {
                        "is_water": false,
                        "requires_age_check": false
                    },
                    "packaging": "Paquet",
                    "thumbnail": "https://prod-mercadona.imgix.net/20190521/18/77718/vlc1/77718_00_02.jpg?fit=crop&h=206&w=206",
                    "display_name": "Penja-robes nadó blau Deliplus",
                    "bunch_selector": false,
                    "price_instructions": {
                        "iva": 21,
                        "is_new": false,
                        "is_pack": false,
                        "pack_size": null,
                        "unit_name": null,
                        "unit_size": 4.0,
                        "bulk_price": "0.49",
                        "unit_price": "1.95",
                        "approx_size": false,
                        "size_format": "ud",
                        "total_units": null,
                        "unit_selector": true,
                        "bunch_selector": false,
                        "drained_weight": null,
                        "price_decreased": false,
                        "reference_price": "0.49",
                        "min_bunch_amount": 1.0,
                        "reference_format": "ud",
                        "increment_bunch_amount": 1.0
                    }
                },
                {
                    "id": "77602",
                    "limit": 1000,
                    "badges": {
                        "is_water": false,
                        "requires_age_check": false
                    },
                    "packaging": "Paquet",
                    "thumbnail": "https://prod-mercadona.imgix.net/20190521/02/77602/vlc1/77602_00_02.jpg?fit=crop&h=206&w=206",
                    "display_name": "Portaxumets +0 mesos Deliplus",
                    "bunch_selector": false,
                    "price_instructions": {
                        "iva": 21,
                        "is_new": false,
                        "is_pack": false,
                        "pack_size": null,
                        "unit_name": null,
                        "unit_size": 1.0,
                        "bulk_price": "3.95",
                        "unit_price": "3.95",
                        "approx_size": false,
                        "size_format": "ud",
                        "total_units": null,
                        "unit_selector": true,
                        "bunch_selector": false,
                        "drained_weight": null,
                        "price_decreased": false,
                        "reference_price": "3.95",
                        "min_bunch_amount": 1.0,
                        "reference_format": "ud",
                        "increment_bunch_amount": 1.0
                    }
                },
                {
                    "id": "78040",
                    "limit": 1000,
                    "badges": {
                        "is_water": false,
                        "requires_age_check": false
                    },
                    "packaging": "Paquet",
                    "thumbnail": "https://prod-mercadona.imgix.net/20190521/40/78040/vlc1/78040_00_02.jpg?fit=crop&h=206&w=206",
                    "display_name": "Xumet làtex anatòmic +0 a 6 mesos Deliplus",
                    "bunch_selector": false,
                    "price_instructions": {
                        "iva": 21,
                        "is_new": false,
                        "is_pack": false,
                        "pack_size": null,
                        "unit_name": null,
                        "unit_size": 1.0,
                        "bulk_price": "1.95",
                        "unit_price": "1.95",
                        "approx_size": false,
                        "size_format": "ud",
                        "total_units": null,
                        "unit_selector": true,
                        "bunch_selector": false,
                        "drained_weight": null,
                        "price_decreased": false,
                        "reference_price": "1.95",
                        "min_bunch_amount": 1.0,
                        "reference_format": "ud",
                        "increment_bunch_amount": 1.0
                    }
                },
                {
                    "id": "77985",
                    "limit": 1000,
                    "badges": {
                        "is_water": false,
                        "requires_age_check": false
                    },
                    "packaging": "Paquet",
                    "thumbnail": "https://prod-mercadona.imgix.net/20190521/85/77985/vlc1/77985_00_02.jpg?fit=crop&h=206&w=206",
                    "display_name": "Portaxumets +0 mesos Deliplus",
                    "bunch_selector": false,
                    "price_instructions": {
                        "iva": 21,
                        "is_new": false,
                        "is_pack": false,
                        "pack_size": null,
                        "unit_name": null,
                        "unit_size": 1.0,
                        "bulk_price": "3.95",
                        "unit_price": "3.95",
                        "approx_size": false,
                        "size_format": "ud",
                        "total_units": null,
                        "unit_selector": true,
                        "bunch_selector": false,
                        "drained_weight": null,
                        "price_decreased": false,
                        "reference_price": "3.95",
                        "min_bunch_amount": 1.0,
                        "reference_format": "ud",
                        "increment_bunch_amount": 1.0
                    }
                },
                {
                    "id": "78823",
                    "limit": 1000,
                    "badges": {
                        "is_water": false,
                        "requires_age_check": false
                    },
                    "packaging": null,
                    "thumbnail": "https://prod-mercadona.imgix.net/20190521/23/78823/vlc1/78823_00_10.jpg?fit=crop&h=206&w=206",
                    "display_name": "Biberó 150 ml Deliplus",
                    "bunch_selector": false,
                    "price_instructions": {
                        "iva": 21,
                        "is_new": false,
                        "is_pack": false,
                        "pack_size": null,
                        "unit_name": null,
                        "unit_size": 1.0,
                        "bulk_price": "3.75",
                        "unit_price": "3.75",
                        "approx_size": false,
                        "size_format": "ud",
                        "total_units": null,
                        "unit_selector": true,
                        "bunch_selector": false,
                        "drained_weight": null,
                        "price_decreased": false,
                        "reference_price": "3.75",
                        "min_bunch_amount": 1.0,
                        "reference_format": "ud",
                        "increment_bunch_amount": 1.0
                    }
                },
                {
                    "id": "78822",
                    "limit": 1000,
                    "badges": {
                        "is_water": false,
                        "requires_age_check": false
                    },
                    "packaging": null,
                    "thumbnail": "https://prod-mercadona.imgix.net/20190521/22/78822/vlc1/78822_00_10.jpg?fit=crop&h=206&w=206",
                    "display_name": "Biberó 150 ml Deliplus",
                    "bunch_selector": false,
                    "price_instructions": {
                        "iva": 21,
                        "is_new": false,
                        "is_pack": false,
                        "pack_size": null,
                        "unit_name": null,
                        "unit_size": 1.0,
                        "bulk_price": "3.75",
                        "unit_price": "3.75",
                        "approx_size": false,
                        "size_format": "ud",
                        "total_units": null,
                        "unit_selector": true,
                        "bunch_selector": false,
                        "drained_weight": null,
                        "price_decreased": false,
                        "reference_price": "3.75",
                        "min_bunch_amount": 1.0,
                        "reference_format": "ud",
                        "increment_bunch_amount": 1.0
                    }
                },
                {
                    "id": "78660",
                    "limit": 1000,
                    "badges": {
                        "is_water": false,
                        "requires_age_check": false
                    },
                    "packaging": "Paquet",
                    "thumbnail": "https://prod-mercadona.imgix.net/20190521/60/78660/vlc1/78660_00_02.jpg?fit=crop&h=206&w=206",
                    "display_name": "Cullera de silicona nadó +4 mesos Deliplus",
                    "bunch_selector": false,
                    "price_instructions": {
                        "iva": 21,
                        "is_new": false,
                        "is_pack": false,
                        "pack_size": null,
                        "unit_name": null,
                        "unit_size": 1.0,
                        "bulk_price": "2.10",
                        "unit_price": "2.10",
                        "approx_size": false,
                        "size_format": "ud",
                        "total_units": null,
                        "unit_selector": true,
                        "bunch_selector": false,
                        "drained_weight": null,
                        "price_decreased": false,
                        "reference_price": "2.10",
                        "min_bunch_amount": 1.0,
                        "reference_format": "ud",
                        "increment_bunch_amount": 1.0
                    }
                },
                {
                    "id": "78531",
                    "limit": 1000,
                    "badges": {
                        "is_water": false,
                        "requires_age_check": false
                    },
                    "packaging": "Paquet",
                    "thumbnail": "https://prod-mercadona.imgix.net/20190521/31/78531/vlc1/78531_00_02.jpg?fit=crop&h=206&w=206",
                    "display_name": "Xumet làtex reversible +0 mesos Deliplus",
                    "bunch_selector": false,
                    "price_instructions": {
                        "iva": 21,
                        "is_new": false,
                        "is_pack": false,
                        "pack_size": null,
                        "unit_name": null,
                        "unit_size": 1.0,
                        "bulk_price": "2.25",
                        "unit_price": "2.25",
                        "approx_size": false,
                        "size_format": "ud",
                        "total_units": null,
                        "unit_selector": true,
                        "bunch_selector": false,
                        "drained_weight": null,
                        "price_decreased": false,
                        "reference_price": "2.25",
                        "min_bunch_amount": 1.0,
                        "reference_format": "ud",
                        "increment_bunch_amount": 1.0
                    }
                },
                {
                    "id": "78376",
                    "limit": 1000,
                    "badges": {
                        "is_water": false,
                        "requires_age_check": false
                    },
                    "packaging": "Paquet",
                    "thumbnail": "https://prod-mercadona.imgix.net/20190521/76/78376/vlc1/78376_00_02.jpg?fit=crop&h=206&w=206",
                    "display_name": "Xumet làtex anatòmic tot goma +6 mesos Hippos",
                    "bunch_selector": false,
                    "price_instructions": {
                        "iva": 21,
                        "is_new": false,
                        "is_pack": false,
                        "pack_size": null,
                        "unit_name": null,
                        "unit_size": 1.0,
                        "bulk_price": "2.50",
                        "unit_price": "2.50",
                        "approx_size": false,
                        "size_format": "ud",
                        "total_units": null,
                        "unit_selector": true,
                        "bunch_selector": false,
                        "drained_weight": null,
                        "price_decreased": false,
                        "reference_price": "2.50",
                        "min_bunch_amount": 1.0,
                        "reference_format": "ud",
                        "increment_bunch_amount": 1.0
                    }
                },
                {
                    "id": "78530",
                    "limit": 1000,
                    "badges": {
                        "is_water": false,
                        "requires_age_check": false
                    },
                    "packaging": "Paquet",
                    "thumbnail": "https://prod-mercadona.imgix.net/20190521/30/78530/vlc1/78530_00_02.jpg?fit=crop&h=206&w=206",
                    "display_name": "Xumet làtex reversible +0 mesos Hippos",
                    "bunch_selector": false,
                    "price_instructions": {
                        "iva": 21,
                        "is_new": false,
                        "is_pack": false,
                        "pack_size": null,
                        "unit_name": null,
                        "unit_size": 1.0,
                        "bulk_price": "2.25",
                        "unit_price": "2.25",
                        "approx_size": false,
                        "size_format": "ud",
                        "total_units": null,
                        "unit_selector": true,
                        "bunch_selector": false,
                        "drained_weight": null,
                        "price_decreased": false,
                        "reference_price": "2.25",
                        "min_bunch_amount": 1.0,
                        "reference_format": "ud",
                        "increment_bunch_amount": 1.0
                    }
                },
                {
                    "id": "78703",
                    "limit": 1000,
                    "badges": {
                        "is_water": false,
                        "requires_age_check": false
                    },
                    "packaging": "Paquet",
                    "thumbnail": "https://prod-mercadona.imgix.net/20190521/03/78703/vlc1/78703_00_02.jpg?fit=crop&h=206&w=206",
                    "display_name": "Xumet silicona reversible +12 mesos Deliplus",
                    "bunch_selector": false,
                    "price_instructions": {
                        "iva": 21,
                        "is_new": false,
                        "is_pack": false,
                        "pack_size": null,
                        "unit_name": null,
                        "unit_size": 1.0,
                        "bulk_price": "1.95",
                        "unit_price": "1.95",
                        "approx_size": false,
                        "size_format": "ud",
                        "total_units": null,
                        "unit_selector": true,
                        "bunch_selector": false,
                        "drained_weight": null,
                        "price_decreased": false,
                        "reference_price": "1.95",
                        "min_bunch_amount": 1.0,
                        "reference_format": "ud",
                        "increment_bunch_amount": 1.0
                    }
                },
                {
                    "id": "78704",
                    "limit": 1000,
                    "badges": {
                        "is_water": false,
                        "requires_age_check": false
                    },
                    "packaging": "Paquet",
                    "thumbnail": "https://prod-mercadona.imgix.net/20190521/04/78704/vlc1/78704_00_02.jpg?fit=crop&h=206&w=206",
                    "display_name": "Xumet silicona reversible +12 mesos Deliplus",
                    "bunch_selector": false,
                    "price_instructions": {
                        "iva": 21,
                        "is_new": false,
                        "is_pack": false,
                        "pack_size": null,
                        "unit_name": null,
                        "unit_size": 1.0,
                        "bulk_price": "1.95",
                        "unit_price": "1.95",
                        "approx_size": false,
                        "size_format": "ud",
                        "total_units": null,
                        "unit_selector": true,
                        "bunch_selector": false,
                        "drained_weight": null,
                        "price_decreased": false,
                        "reference_price": "1.95",
                        "min_bunch_amount": 1.0,
                        "reference_format": "ud",
                        "increment_bunch_amount": 1.0
                    }
                },
                {
                    "id": "78702",
                    "limit": 1000,
                    "badges": {
                        "is_water": false,
                        "requires_age_check": false
                    },
                    "packaging": null,
                    "thumbnail": "https://prod-mercadona.imgix.net/20190521/02/78702/vlc1/78702_00_02.jpg?fit=crop&h=206&w=206",
                    "display_name": "Tassa infantil rosa Deliplus",
                    "bunch_selector": false,
                    "price_instructions": {
                        "iva": 21,
                        "is_new": false,
                        "is_pack": false,
                        "pack_size": null,
                        "unit_name": null,
                        "unit_size": 1.0,
                        "bulk_price": "2.75",
                        "unit_price": "2.75",
                        "approx_size": false,
                        "size_format": "ud",
                        "total_units": null,
                        "unit_selector": true,
                        "bunch_selector": false,
                        "drained_weight": null,
                        "price_decreased": false,
                        "reference_price": "2.75",
                        "min_bunch_amount": 1.0,
                        "reference_format": "ud",
                        "increment_bunch_amount": 1.0
                    }
                },
                {
                    "id": "78701",
                    "limit": 1000,
                    "badges": {
                        "is_water": false,
                        "requires_age_check": false
                    },
                    "packaging": null,
                    "thumbnail": "https://prod-mercadona.imgix.net/20190521/01/78701/vlc1/78701_00_05.jpg?fit=crop&h=206&w=206",
                    "display_name": "Tassa infantil blau Deliplus",
                    "bunch_selector": false,
                    "price_instructions": {
                        "iva": 21,
                        "is_new": false,
                        "is_pack": false,
                        "pack_size": null,
                        "unit_name": null,
                        "unit_size": 1.0,
                        "bulk_price": "2.75",
                        "unit_price": "2.75",
                        "approx_size": false,
                        "size_format": "ud",
                        "total_units": null,
                        "unit_selector": true,
                        "bunch_selector": false,
                        "drained_weight": null,
                        "price_decreased": false,
                        "reference_price": "2.75",
                        "min_bunch_amount": 1.0,
                        "reference_format": "ud",
                        "increment_bunch_amount": 1.0
                    }
                },
                {
                    "id": "78554",
                    "limit": 1000,
                    "badges": {
                        "is_water": false,
                        "requires_age_check": false
                    },
                    "packaging": null,
                    "thumbnail": "https://prod-mercadona.imgix.net/20190521/54/78554/vlc1/78554_00_02.jpg?fit=crop&h=206&w=206",
                    "display_name": "Bol nadó blau amb cullera Deliplus",
                    "bunch_selector": false,
                    "price_instructions": {
                        "iva": 21,
                        "is_new": false,
                        "is_pack": false,
                        "pack_size": null,
                        "unit_name": null,
                        "unit_size": 1.0,
                        "bulk_price": "3.95",
                        "unit_price": "3.95",
                        "approx_size": false,
                        "size_format": "ud",
                        "total_units": null,
                        "unit_selector": true,
                        "bunch_selector": false,
                        "drained_weight": null,
                        "price_decreased": false,
                        "reference_price": "3.95",
                        "min_bunch_amount": 1.0,
                        "reference_format": "ud",
                        "increment_bunch_amount": 1.0
                    }
                },
                {
                    "id": "78555",
                    "limit": 1000,
                    "badges": {
                        "is_water": false,
                        "requires_age_check": false
                    },
                    "packaging": null,
                    "thumbnail": "https://prod-mercadona.imgix.net/20190521/55/78555/vlc1/78555_00_02.jpg?fit=crop&h=206&w=206",
                    "display_name": "Bol nadó rosa amb cullera Deliplus",
                    "bunch_selector": false,
                    "price_instructions": {
                        "iva": 21,
                        "is_new": false,
                        "is_pack": false,
                        "pack_size": null,
                        "unit_name": null,
                        "unit_size": 1.0,
                        "bulk_price": "3.95",
                        "unit_price": "3.95",
                        "approx_size": false,
                        "size_format": "ud",
                        "total_units": null,
                        "unit_selector": true,
                        "bunch_selector": false,
                        "drained_weight": null,
                        "price_decreased": false,
                        "reference_price": "3.95",
                        "min_bunch_amount": 1.0,
                        "reference_format": "ud",
                        "increment_bunch_amount": 1.0
                    }
                },
                {
                    "id": "78122",
                    "limit": 1000,
                    "badges": {
                        "is_water": false,
                        "requires_age_check": false
                    },
                    "packaging": "Paquet",
                    "thumbnail": "https://prod-mercadona.imgix.net/20190521/22/78122/vlc1/78122_00_02.jpg?fit=crop&h=206&w=206",
                    "display_name": "Xumet làtex anatòmic +12 mesos Deliplus",
                    "bunch_selector": false,
                    "price_instructions": {
                        "iva": 21,
                        "is_new": false,
                        "is_pack": false,
                        "pack_size": null,
                        "unit_name": null,
                        "unit_size": 1.0,
                        "bulk_price": "1.95",
                        "unit_price": "1.95",
                        "approx_size": false,
                        "size_format": "ud",
                        "total_units": null,
                        "unit_selector": true,
                        "bunch_selector": false,
                        "drained_weight": null,
                        "price_decreased": false,
                        "reference_price": "1.95",
                        "min_bunch_amount": 1.0,
                        "reference_format": "ud",
                        "increment_bunch_amount": 1.0
                    }
                },
                {
                    "id": "78121",
                    "limit": 1000,
                    "badges": {
                        "is_water": false,
                        "requires_age_check": false
                    },
                    "packaging": "Paquet",
                    "thumbnail": "https://prod-mercadona.imgix.net/20190521/21/78121/vlc1/78121_00_02.jpg?fit=crop&h=206&w=206",
                    "display_name": "Xumet làtex anatòmic +12 mesos Deliplus",
                    "bunch_selector": false,
                    "price_instructions": {
                        "iva": 21,
                        "is_new": false,
                        "is_pack": false,
                        "pack_size": null,
                        "unit_name": null,
                        "unit_size": 1.0,
                        "bulk_price": "1.95",
                        "unit_price": "1.95",
                        "approx_size": false,
                        "size_format": "ud",
                        "total_units": null,
                        "unit_selector": true,
                        "bunch_selector": false,
                        "drained_weight": null,
                        "price_decreased": false,
                        "reference_price": "1.95",
                        "min_bunch_amount": 1.0,
                        "reference_format": "ud",
                        "increment_bunch_amount": 1.0
                    }
                },
                {
                    "id": "79188",
                    "limit": 1000,
                    "badges": {
                        "is_water": false,
                        "requires_age_check": false
                    },
                    "packaging": "Paquet",
                    "thumbnail": "https://prod-mercadona.imgix.net/20190521/88/79188/vlc1/79188_00_02.jpg?fit=crop&h=206&w=206",
                    "display_name": "Mossegador refrigerant +0 mesos Deliplus",
                    "bunch_selector": false,
                    "price_instructions": {
                        "iva": 21,
                        "is_new": false,
                        "is_pack": false,
                        "pack_size": null,
                        "unit_name": null,
                        "unit_size": 1.0,
                        "bulk_price": "2.95",
                        "unit_price": "2.95",
                        "approx_size": false,
                        "size_format": "ud",
                        "total_units": null,
                        "unit_selector": true,
                        "bunch_selector": false,
                        "drained_weight": null,
                        "price_decreased": false,
                        "reference_price": "2.95",
                        "min_bunch_amount": 1.0,
                        "reference_format": "ud",
                        "increment_bunch_amount": 1.0
                    }
                },
                {
                    "id": "79137",
                    "limit": 1000,
                    "badges": {
                        "is_water": false,
                        "requires_age_check": false
                    },
                    "packaging": null,
                    "thumbnail": "https://prod-mercadona.imgix.net/20190521/37/79137/vlc1/79137_00_07.jpg?fit=crop&h=206&w=206",
                    "display_name": "Plat infantil rosa +6 mesos Hippos",
                    "bunch_selector": false,
                    "price_instructions": {
                        "iva": 21,
                        "is_new": false,
                        "is_pack": false,
                        "pack_size": null,
                        "unit_name": null,
                        "unit_size": 1.0,
                        "bulk_price": "3.05",
                        "unit_price": "3.05",
                        "approx_size": false,
                        "size_format": "ud",
                        "total_units": null,
                        "unit_selector": true,
                        "bunch_selector": false,
                        "drained_weight": null,
                        "price_decreased": false,
                        "reference_price": "3.05",
                        "min_bunch_amount": 1.0,
                        "reference_format": "ud",
                        "increment_bunch_amount": 1.0
                    }
                },
                {
                    "id": "79138",
                    "limit": 1000,
                    "badges": {
                        "is_water": false,
                        "requires_age_check": false
                    },
                    "packaging": null,
                    "thumbnail": "https://prod-mercadona.imgix.net/20190521/38/79138/vlc1/79138_00_07.jpg?fit=crop&h=206&w=206",
                    "display_name": "Plat infantil blau +6 mesos Hippos",
                    "bunch_selector": false,
                    "price_instructions": {
                        "iva": 21,
                        "is_new": false,
                        "is_pack": false,
                        "pack_size": null,
                        "unit_name": null,
                        "unit_size": 1.0,
                        "bulk_price": "3.05",
                        "unit_price": "3.05",
                        "approx_size": false,
                        "size_format": "ud",
                        "total_units": null,
                        "unit_selector": true,
                        "bunch_selector": false,
                        "drained_weight": null,
                        "price_decreased": false,
                        "reference_price": "3.05",
                        "min_bunch_amount": 1.0,
                        "reference_format": "ud",
                        "increment_bunch_amount": 1.0
                    }
                },
                {
                    "id": "77618",
                    "limit": 1000,
                    "badges": {
                        "is_water": false,
                        "requires_age_check": false
                    },
                    "packaging": null,
                    "thumbnail": "https://prod-mercadona.imgix.net/20190521/18/77618/vlc1/77618_00_10.jpg?fit=crop&h=206&w=206",
                    "display_name": "Biberó 360 ml Deliplus",
                    "bunch_selector": false,
                    "price_instructions": {
                        "iva": 21,
                        "is_new": false,
                        "is_pack": false,
                        "pack_size": null,
                        "unit_name": null,
                        "unit_size": 1.0,
                        "bulk_price": "3.95",
                        "unit_price": "3.95",
                        "approx_size": false,
                        "size_format": "ud",
                        "total_units": null,
                        "unit_selector": true,
                        "bunch_selector": false,
                        "drained_weight": null,
                        "price_decreased": false,
                        "reference_price": "3.95",
                        "min_bunch_amount": 1.0,
                        "reference_format": "ud",
                        "increment_bunch_amount": 1.0
                    }
                },
                {
                    "id": "77623",
                    "limit": 1000,
                    "badges": {
                        "is_water": false,
                        "requires_age_check": false
                    },
                    "packaging": "Paquet",
                    "thumbnail": "https://prod-mercadona.imgix.net/20190521/23/77623/vlc1/77623_00_02.jpg?fit=crop&h=206&w=206",
                    "display_name": "Tetina làtex especial farinetes +4 mesos Deliplus",
                    "bunch_selector": false,
                    "price_instructions": {
                        "iva": 21,
                        "is_new": false,
                        "is_pack": false,
                        "pack_size": null,
                        "unit_name": null,
                        "unit_size": 2.0,
                        "bulk_price": "1.48",
                        "unit_price": "2.95",
                        "approx_size": false,
                        "size_format": "ud",
                        "total_units": null,
                        "unit_selector": true,
                        "bunch_selector": false,
                        "drained_weight": null,
                        "price_decreased": false,
                        "reference_price": "1.48",
                        "min_bunch_amount": 1.0,
                        "reference_format": "ud",
                        "increment_bunch_amount": 1.0
                    }
                },
                {
                    "id": "78042",
                    "limit": 1000,
                    "badges": {
                        "is_water": false,
                        "requires_age_check": false
                    },
                    "packaging": "Paquet",
                    "thumbnail": "https://prod-mercadona.imgix.net/20190521/42/78042/vlc1/78042_00_02.jpg?fit=crop&h=206&w=206",
                    "display_name": "Xumet làtex anatòmic +6 mesos Deliplus",
                    "bunch_selector": false,
                    "price_instructions": {
                        "iva": 21,
                        "is_new": false,
                        "is_pack": false,
                        "pack_size": null,
                        "unit_name": null,
                        "unit_size": 1.0,
                        "bulk_price": "1.95",
                        "unit_price": "1.95",
                        "approx_size": false,
                        "size_format": "ud",
                        "total_units": null,
                        "unit_selector": true,
                        "bunch_selector": false,
                        "drained_weight": null,
                        "price_decreased": false,
                        "reference_price": "1.95",
                        "min_bunch_amount": 1.0,
                        "reference_format": "ud",
                        "increment_bunch_amount": 1.0
                    }
                },
                {
                    "id": "78043",
                    "limit": 1000,
                    "badges": {
                        "is_water": false,
                        "requires_age_check": false
                    },
                    "packaging": "Paquet",
                    "thumbnail": "https://prod-mercadona.imgix.net/20190521/43/78043/vlc1/78043_00_02.jpg?fit=crop&h=206&w=206",
                    "display_name": "Xumet làtex anatòmic +6 mesos Deliplus",
                    "bunch_selector": false,
                    "price_instructions": {
                        "iva": 21,
                        "is_new": false,
                        "is_pack": false,
                        "pack_size": null,
                        "unit_name": null,
                        "unit_size": 1.0,
                        "bulk_price": "1.95",
                        "unit_price": "1.95",
                        "approx_size": false,
                        "size_format": "ud",
                        "total_units": null,
                        "unit_selector": true,
                        "bunch_selector": false,
                        "drained_weight": null,
                        "price_decreased": false,
                        "reference_price": "1.95",
                        "min_bunch_amount": 1.0,
                        "reference_format": "ud",
                        "increment_bunch_amount": 1.0
                    }
                },
                {
                    "id": "77709",
                    "limit": 1000,
                    "badges": {
                        "is_water": false,
                        "requires_age_check": false
                    },
                    "packaging": "Paquet",
                    "thumbnail": "https://prod-mercadona.imgix.net/20190521/09/77709/vlc1/77709_00_02.jpg?fit=crop&h=206&w=206",
                    "display_name": "Raspall netejabiberó i tetina Deliplus",
                    "bunch_selector": false,
                    "price_instructions": {
                        "iva": 21,
                        "is_new": false,
                        "is_pack": false,
                        "pack_size": null,
                        "unit_name": null,
                        "unit_size": 1.0,
                        "bulk_price": "1.95",
                        "unit_price": "1.95",
                        "approx_size": false,
                        "size_format": "ud",
                        "total_units": null,
                        "unit_selector": true,
                        "bunch_selector": false,
                        "drained_weight": null,
                        "price_decreased": false,
                        "reference_price": "1.95",
                        "min_bunch_amount": 1.0,
                        "reference_format": "ud",
                        "increment_bunch_amount": 1.0
                    }
                },
                {
                    "id": "77860",
                    "limit": 1000,
                    "badges": {
                        "is_water": false,
                        "requires_age_check": false
                    },
                    "packaging": "Capsa",
                    "thumbnail": "https://prod-mercadona.imgix.net/20190521/60/77860/vlc1/77860_00_02.jpg?fit=crop&h=206&w=206",
                    "display_name": "Esterilitzador de microones +0 mesos Hippos",
                    "bunch_selector": false,
                    "price_instructions": {
                        "iva": 21,
                        "is_new": false,
                        "is_pack": false,
                        "pack_size": null,
                        "unit_name": null,
                        "unit_size": 1.0,
                        "bulk_price": "13.95",
                        "unit_price": "13.95",
                        "approx_size": false,
                        "size_format": "ud",
                        "total_units": null,
                        "unit_selector": true,
                        "bunch_selector": false,
                        "drained_weight": null,
                        "price_decreased": false,
                        "reference_price": "13.95",
                        "min_bunch_amount": 1.0,
                        "reference_format": "ud",
                        "increment_bunch_amount": 1.0
                    }
                },
                {
                    "id": "77974",
                    "limit": 1000,
                    "badges": {
                        "is_water": false,
                        "requires_age_check": false
                    },
                    "packaging": null,
                    "thumbnail": "https://prod-mercadona.imgix.net/20190521/74/77974/vlc1/77974_00_10.jpg?fit=crop&h=206&w=206",
                    "display_name": "Biberó 270 ml Deliplus",
                    "bunch_selector": false,
                    "price_instructions": {
                        "iva": 21,
                        "is_new": false,
                        "is_pack": false,
                        "pack_size": null,
                        "unit_name": null,
                        "unit_size": 1.0,
                        "bulk_price": "3.85",
                        "unit_price": "3.85",
                        "approx_size": false,
                        "size_format": "ud",
                        "total_units": null,
                        "unit_selector": true,
                        "bunch_selector": false,
                        "drained_weight": null,
                        "price_decreased": false,
                        "reference_price": "3.85",
                        "min_bunch_amount": 1.0,
                        "reference_format": "ud",
                        "increment_bunch_amount": 1.0
                    }
                },
                {
                    "id": "79338",
                    "limit": 1000,
                    "badges": {
                        "is_water": false,
                        "requires_age_check": false
                    },
                    "packaging": "Paquet",
                    "thumbnail": "https://prod-mercadona.imgix.net/20190521/38/79338/vlc1/79338_00_02.jpg?fit=crop&h=206&w=206",
                    "display_name": "Pitet petit de 0 a 4 mesos Deliplus",
                    "bunch_selector": false,
                    "price_instructions": {
                        "iva": 21,
                        "is_new": false,
                        "is_pack": false,
                        "pack_size": 0.0,
                        "unit_name": null,
                        "unit_size": 2.0,
                        "bulk_price": "2.00",
                        "unit_price": "4.00",
                        "approx_size": false,
                        "size_format": "ud",
                        "total_units": null,
                        "unit_selector": true,
                        "bunch_selector": false,
                        "drained_weight": null,
                        "price_decreased": false,
                        "reference_price": "2.00",
                        "min_bunch_amount": 1.0,
                        "reference_format": "ud",
                        "increment_bunch_amount": 1.0
                    }
                },
                {
                    "id": "77024",
                    "limit": 1000,
                    "badges": {
                        "is_water": false,
                        "requires_age_check": false
                    },
                    "packaging": "Paquet",
                    "thumbnail": "https://prod-mercadona.imgix.net/20190521/24/77024/vlc1/77024_00_02.jpg?fit=crop&h=206&w=206",
                    "display_name": "Tetina silicona tres posicions +0 mesos Deliplus",
                    "bunch_selector": false,
                    "price_instructions": {
                        "iva": 21,
                        "is_new": false,
                        "is_pack": false,
                        "pack_size": null,
                        "unit_name": null,
                        "unit_size": 2.0,
                        "bulk_price": "1.48",
                        "unit_price": "2.95",
                        "approx_size": false,
                        "size_format": "ud",
                        "total_units": null,
                        "unit_selector": true,
                        "bunch_selector": false,
                        "drained_weight": null,
                        "price_decreased": false,
                        "reference_price": "1.48",
                        "min_bunch_amount": 1.0,
                        "reference_format": "ud",
                        "increment_bunch_amount": 1.0
                    }
                },
                {
                    "id": "79578",
                    "limit": 1000,
                    "badges": {
                        "is_water": false,
                        "requires_age_check": false
                    },
                    "packaging": null,
                    "thumbnail": "https://prod-mercadona.imgix.net/20190521/78/79578/vlc1/79578_00_02.jpg?fit=crop&h=206&w=206",
                    "display_name": "Recipient d'aliments nadó Deliplus",
                    "bunch_selector": false,
                    "price_instructions": {
                        "iva": 21,
                        "is_new": false,
                        "is_pack": false,
                        "pack_size": null,
                        "unit_name": null,
                        "unit_size": 1.0,
                        "bulk_price": "3.55",
                        "unit_price": "3.55",
                        "approx_size": false,
                        "size_format": "ud",
                        "total_units": null,
                        "unit_selector": true,
                        "bunch_selector": false,
                        "drained_weight": null,
                        "price_decreased": false,
                        "reference_price": "3.55",
                        "min_bunch_amount": 1.0,
                        "reference_format": "ud",
                        "increment_bunch_amount": 1.0
                    }
                }
            ],
            "is_extended": false
        },
        {
            "id": 218,
            "name": "Higiene i cura",
            "layout": 1,
            "products": [
                {
                    "id": "46761",
                    "limit": 1000,
                    "badges": {
                        "is_water": false,
                        "requires_age_check": false
                    },
                    "packaging": "Pot",
                    "thumbnail": "https://prod-mercadona.imgix.net/20190521/61/46761/vlc1/46761_00_02.jpg?fit=crop&h=206&w=206",
                    "display_name": "Loció corporal infantil hidratant Deliplus",
                    "bunch_selector": false,
                    "price_instructions": {
                        "iva": 21,
                        "is_new": false,
                        "is_pack": false,
                        "pack_size": null,
                        "unit_name": null,
                        "unit_size": 0.6,
                        "bulk_price": "6.33",
                        "unit_price": "3.80",
                        "approx_size": false,
                        "size_format": "l",
                        "total_units": null,
                        "unit_selector": true,
                        "bunch_selector": false,
                        "drained_weight": null,
                        "price_decreased": false,
                        "reference_price": "0.63",
                        "min_bunch_amount": 1.0,
                        "reference_format": "100 ml",
                        "increment_bunch_amount": 1.0
                    }
                },
                {
                    "id": "79522",
                    "limit": 1000,
                    "badges": {
                        "is_water": false,
                        "requires_age_check": false
                    },
                    "packaging": "Pot",
                    "thumbnail": "https://prod-mercadona.imgix.net/20190521/22/79522/vlc1/79522_00_02.jpg?fit=crop&h=206&w=206",
                    "display_name": "Bàlsam corporal infantil pells atòpiques Deliplus",
                    "bunch_selector": false,
                    "price_instructions": {
                        "iva": 21,
                        "is_new": false,
                        "is_pack": false,
                        "pack_size": null,
                        "unit_name": null,
                        "unit_size": 0.2,
                        "bulk_price": "21.50",
                        "unit_price": "4.30",
                        "approx_size": false,
                        "size_format": "l",
                        "total_units": null,
                        "unit_selector": true,
                        "bunch_selector": false,
                        "drained_weight": null,
                        "price_decreased": false,
                        "reference_price": "2.15",
                        "min_bunch_amount": 1.0,
                        "reference_format": "100 ml",
                        "increment_bunch_amount": 1.0
                    }
                },
                {
                    "id": "79523",
                    "limit": 1000,
                    "badges": {
                        "is_water": false,
                        "requires_age_check": false
                    },
                    "packaging": "Pot",
                    "thumbnail": "https://prod-mercadona.imgix.net/20190521/23/79523/vlc1/79523_00_02.jpg?fit=crop&h=206&w=206",
                    "display_name": "Bàlsam facial infantil pells atòpiques Deliplus",
                    "bunch_selector": false,
                    "price_instructions": {
                        "iva": 21,
                        "is_new": false,
                        "is_pack": false,
                        "pack_size": null,
                        "unit_name": null,
                        "unit_size": 0.075,
                        "bulk_price": "42.67",
                        "unit_price": "3.20",
                        "approx_size": false,
                        "size_format": "l",
                        "total_units": null,
                        "unit_selector": true,
                        "bunch_selector": false,
                        "drained_weight": null,
                        "price_decreased": false,
                        "reference_price": "4.27",
                        "min_bunch_amount": 1.0,
                        "reference_format": "100 ml",
                        "increment_bunch_amount": 1.0
                    }
                },
                {
                    "id": "45752",
                    "limit": 1000,
                    "badges": {
                        "is_water": false,
                        "requires_age_check": false
                    },
                    "packaging": "Capsa",
                    "thumbnail": "https://prod-mercadona.imgix.net/20190521/52/45752/vlc1/45752_00_02.jpg?fit=crop&h=206&w=206",
                    "display_name": "Esponja marina infantil Deliplus",
                    "bunch_selector": false,
                    "price_instructions": {
                        "iva": 21,
                        "is_new": false,
                        "is_pack": false,
                        "pack_size": null,
                        "unit_name": null,
                        "unit_size": 1.0,
                        "bulk_price": "3.75",
                        "unit_price": "3.75",
                        "approx_size": false,
                        "size_format": "ud",
                        "total_units": null,
                        "unit_selector": true,
                        "bunch_selector": false,
                        "drained_weight": null,
                        "price_decreased": false,
                        "reference_price": "3.75",
                        "min_bunch_amount": 1.0,
                        "reference_format": "ud",
                        "increment_bunch_amount": 1.0
                    }
                },
                {
                    "id": "45731",
                    "limit": 1000,
                    "badges": {
                        "is_water": false,
                        "requires_age_check": false
                    },
                    "packaging": "Paquet",
                    "thumbnail": "https://prod-mercadona.imgix.net/20190521/31/45731/vlc1/45731_00_02.jpg?fit=crop&h=206&w=206",
                    "display_name": "Esponja anatòmica per a nadons Deliplus",
                    "bunch_selector": false,
                    "price_instructions": {
                        "iva": 21,
                        "is_new": false,
                        "is_pack": false,
                        "pack_size": null,
                        "unit_name": null,
                        "unit_size": 1.0,
                        "bulk_price": "0.70",
                        "unit_price": "0.70",
                        "approx_size": false,
                        "size_format": "ud",
                        "total_units": null,
                        "unit_selector": true,
                        "bunch_selector": false,
                        "drained_weight": null,
                        "price_decreased": false,
                        "reference_price": "0.70",
                        "min_bunch_amount": 1.0,
                        "reference_format": "ud",
                        "increment_bunch_amount": 1.0
                    }
                },
                {
                    "id": "45744",
                    "limit": 1000,
                    "badges": {
                        "is_water": false,
                        "requires_age_check": false
                    },
                    "packaging": "Pot",
                    "thumbnail": "https://prod-mercadona.imgix.net/20190521/44/45744/vlc1/45744_00_02.jpg?fit=crop&h=206&w=206",
                    "display_name": "Gel-Xampú nadó per a pells atòpiques Deliplus",
                    "bunch_selector": false,
                    "price_instructions": {
                        "iva": 21,
                        "is_new": false,
                        "is_pack": false,
                        "pack_size": null,
                        "unit_name": null,
                        "unit_size": 0.6,
                        "bulk_price": "6.17",
                        "unit_price": "3.70",
                        "approx_size": false,
                        "size_format": "l",
                        "total_units": null,
                        "unit_selector": true,
                        "bunch_selector": false,
                        "drained_weight": null,
                        "price_decreased": false,
                        "reference_price": "0.62",
                        "min_bunch_amount": 1.0,
                        "reference_format": "100 ml",
                        "increment_bunch_amount": 1.0
                    }
                },
                {
                    "id": "45313",
                    "limit": 1000,
                    "badges": {
                        "is_water": false,
                        "requires_age_check": false
                    },
                    "packaging": "Ampolla",
                    "thumbnail": "https://prod-mercadona.imgix.net/20190521/13/45313/vlc1/45313_00_02.jpg?fit=crop&h=206&w=206",
                    "display_name": "Sabó líquid nadó ultrasuau Nenuco",
                    "bunch_selector": false,
                    "price_instructions": {
                        "iva": 21,
                        "is_new": false,
                        "is_pack": false,
                        "pack_size": null,
                        "unit_name": null,
                        "unit_size": 0.75,
                        "bulk_price": "3.47",
                        "unit_price": "2.60",
                        "approx_size": false,
                        "size_format": "l",
                        "total_units": null,
                        "unit_selector": true,
                        "bunch_selector": false,
                        "drained_weight": null,
                        "price_decreased": false,
                        "reference_price": "0.35",
                        "min_bunch_amount": 1.0,
                        "reference_format": "100 ml",
                        "increment_bunch_amount": 1.0
                    }
                },
                {
                    "id": "46645",
                    "limit": 1000,
                    "badges": {
                        "is_water": false,
                        "requires_age_check": false
                    },
                    "packaging": "Pot",
                    "thumbnail": "https://prod-mercadona.imgix.net/20190521/45/46645/vlc1/46645_00_02.jpg?fit=crop&h=206&w=206",
                    "display_name": "Oli corporal infantil Deliplus",
                    "bunch_selector": false,
                    "price_instructions": {
                        "iva": 21,
                        "is_new": false,
                        "is_pack": false,
                        "pack_size": null,
                        "unit_name": null,
                        "unit_size": 0.6,
                        "bulk_price": "4.83",
                        "unit_price": "2.90",
                        "approx_size": false,
                        "size_format": "l",
                        "total_units": null,
                        "unit_selector": true,
                        "bunch_selector": false,
                        "drained_weight": null,
                        "price_decreased": false,
                        "reference_price": "0.48",
                        "min_bunch_amount": 1.0,
                        "reference_format": "100 ml",
                        "increment_bunch_amount": 1.0
                    }
                },
                {
                    "id": "46501",
                    "limit": 1000,
                    "badges": {
                        "is_water": false,
                        "requires_age_check": false
                    },
                    "packaging": "Flascó",
                    "thumbnail": "https://prod-mercadona.imgix.net/20190521/01/46501/vlc1/46501_00_01.jpg?fit=crop&h=206&w=206",
                    "display_name": "Colònia nadó Nenuco",
                    "bunch_selector": false,
                    "price_instructions": {
                        "iva": 21,
                        "is_new": false,
                        "is_pack": false,
                        "pack_size": null,
                        "unit_name": null,
                        "unit_size": 0.4,
                        "bulk_price": "23.40",
                        "unit_price": "9.36",
                        "approx_size": false,
                        "size_format": "l",
                        "total_units": null,
                        "unit_selector": true,
                        "bunch_selector": false,
                        "drained_weight": null,
                        "price_decreased": false,
                        "reference_price": "2.34",
                        "min_bunch_amount": 1.0,
                        "reference_format": "100 ml",
                        "increment_bunch_amount": 1.0
                    }
                },
                {
                    "id": "46641",
                    "limit": 1000,
                    "badges": {
                        "is_water": false,
                        "requires_age_check": false
                    },
                    "packaging": "Pot",
                    "thumbnail": "https://prod-mercadona.imgix.net/20190521/41/46641/vlc1/46641_00_02.jpg?fit=crop&h=206&w=206",
                    "display_name": "Gel corporal infantil Deliplus",
                    "bunch_selector": false,
                    "price_instructions": {
                        "iva": 21,
                        "is_new": false,
                        "is_pack": false,
                        "pack_size": null,
                        "unit_name": null,
                        "unit_size": 0.6,
                        "bulk_price": "3.00",
                        "unit_price": "1.80",
                        "approx_size": false,
                        "size_format": "l",
                        "total_units": null,
                        "unit_selector": true,
                        "bunch_selector": false,
                        "drained_weight": null,
                        "price_decreased": false,
                        "reference_price": "0.30",
                        "min_bunch_amount": 1.0,
                        "reference_format": "100 ml",
                        "increment_bunch_amount": 1.0
                    }
                },
                {
                    "id": "46643",
                    "limit": 1000,
                    "badges": {
                        "is_water": false,
                        "requires_age_check": false
                    },
                    "packaging": "Pot",
                    "thumbnail": "https://prod-mercadona.imgix.net/20190521/43/46643/vlc1/46643_00_02.jpg?fit=crop&h=206&w=206",
                    "display_name": "Xampú infantil Deliplus",
                    "bunch_selector": false,
                    "price_instructions": {
                        "iva": 21,
                        "is_new": false,
                        "is_pack": false,
                        "pack_size": null,
                        "unit_name": null,
                        "unit_size": 0.6,
                        "bulk_price": "3.83",
                        "unit_price": "2.30",
                        "approx_size": false,
                        "size_format": "l",
                        "total_units": null,
                        "unit_selector": true,
                        "bunch_selector": false,
                        "drained_weight": null,
                        "price_decreased": false,
                        "reference_price": "0.38",
                        "min_bunch_amount": 1.0,
                        "reference_format": "100 ml",
                        "increment_bunch_amount": 1.0
                    }
                },
                {
                    "id": "79577",
                    "limit": 1000,
                    "badges": {
                        "is_water": false,
                        "requires_age_check": false
                    },
                    "packaging": "Capsa",
                    "thumbnail": "https://prod-mercadona.imgix.net/20190521/77/79577/vlc1/79577_00_01.jpg?fit=crop&h=206&w=206",
                    "display_name": "Discos absorbents lactància Deliplus",
                    "bunch_selector": false,
                    "price_instructions": {
                        "iva": 21,
                        "is_new": false,
                        "is_pack": false,
                        "pack_size": null,
                        "unit_name": null,
                        "unit_size": 60.0,
                        "bulk_price": "0.10",
                        "unit_price": "5.95",
                        "approx_size": false,
                        "size_format": "ud",
                        "total_units": null,
                        "unit_selector": true,
                        "bunch_selector": false,
                        "drained_weight": null,
                        "price_decreased": false,
                        "reference_price": "0.099",
                        "min_bunch_amount": 1.0,
                        "reference_format": "ud",
                        "increment_bunch_amount": 1.0
                    }
                },
                {
                    "id": "46983",
                    "limit": 1000,
                    "badges": {
                        "is_water": false,
                        "requires_age_check": false
                    },
                    "packaging": "Ampolla",
                    "thumbnail": "https://prod-mercadona.imgix.net/20190521/83/46983/vlc1/46983_00_02.jpg?fit=crop&h=206&w=206",
                    "display_name": "Xampú nadó Johnson's",
                    "bunch_selector": false,
                    "price_instructions": {
                        "iva": 21,
                        "is_new": false,
                        "is_pack": false,
                        "pack_size": null,
                        "unit_name": null,
                        "unit_size": 0.75,
                        "bulk_price": "5.32",
                        "unit_price": "3.99",
                        "approx_size": false,
                        "size_format": "l",
                        "total_units": null,
                        "unit_selector": true,
                        "bunch_selector": false,
                        "drained_weight": null,
                        "price_decreased": false,
                        "reference_price": "0.53",
                        "min_bunch_amount": 1.0,
                        "reference_format": "100 ml",
                        "increment_bunch_amount": 1.0
                    }
                },
                {
                    "id": "46984",
                    "limit": 1000,
                    "badges": {
                        "is_water": false,
                        "requires_age_check": false
                    },
                    "packaging": "Pot",
                    "thumbnail": "https://prod-mercadona.imgix.net/20190521/84/46984/vlc1/46984_00_02.jpg?fit=crop&h=206&w=206",
                    "display_name": "Xampú nadó Johnson's amb camamilla",
                    "bunch_selector": false,
                    "price_instructions": {
                        "iva": 21,
                        "is_new": false,
                        "is_pack": false,
                        "pack_size": null,
                        "unit_name": null,
                        "unit_size": 0.75,
                        "bulk_price": "5.32",
                        "unit_price": "3.99",
                        "approx_size": false,
                        "size_format": "l",
                        "total_units": null,
                        "unit_selector": true,
                        "bunch_selector": false,
                        "drained_weight": null,
                        "price_decreased": false,
                        "reference_price": "0.53",
                        "min_bunch_amount": 1.0,
                        "reference_format": "100 ml",
                        "increment_bunch_amount": 1.0
                    }
                },
                {
                    "id": "75864",
                    "limit": 1000,
                    "badges": {
                        "is_water": false,
                        "requires_age_check": false
                    },
                    "packaging": "Tub",
                    "thumbnail": "https://prod-mercadona.imgix.net/20190521/64/75864/vlc1/75864_00_02.jpg?fit=crop&h=206&w=206",
                    "display_name": "Crema protectora per a bolquer Johnson's",
                    "bunch_selector": false,
                    "price_instructions": {
                        "iva": 21,
                        "is_new": false,
                        "is_pack": false,
                        "pack_size": null,
                        "unit_name": null,
                        "unit_size": 0.1,
                        "bulk_price": "33.00",
                        "unit_price": "3.30",
                        "approx_size": false,
                        "size_format": "l",
                        "total_units": null,
                        "unit_selector": true,
                        "bunch_selector": false,
                        "drained_weight": null,
                        "price_decreased": false,
                        "reference_price": "3.30",
                        "min_bunch_amount": 1.0,
                        "reference_format": "100 ml",
                        "increment_bunch_amount": 1.0
                    }
                },
                {
                    "id": "79600",
                    "limit": 1000,
                    "badges": {
                        "is_water": false,
                        "requires_age_check": false
                    },
                    "packaging": "Pot",
                    "thumbnail": "https://prod-mercadona.imgix.net/20190521/00/79600/vlc1/79600_00_02.jpg?fit=crop&h=206&w=206",
                    "display_name": "Oli corporal nadó amb àloe Johnson's",
                    "bunch_selector": false,
                    "price_instructions": {
                        "iva": 21,
                        "is_new": false,
                        "is_pack": false,
                        "pack_size": null,
                        "unit_name": null,
                        "unit_size": 0.5,
                        "bulk_price": "6.98",
                        "unit_price": "3.49",
                        "approx_size": false,
                        "size_format": "l",
                        "total_units": null,
                        "unit_selector": true,
                        "bunch_selector": false,
                        "drained_weight": null,
                        "price_decreased": false,
                        "reference_price": "0.70",
                        "min_bunch_amount": 1.0,
                        "reference_format": "100 ml",
                        "increment_bunch_amount": 1.0
                    }
                },
                {
                    "id": "77626",
                    "limit": 1000,
                    "badges": {
                        "is_water": false,
                        "requires_age_check": false
                    },
                    "packaging": "Paquet",
                    "thumbnail": "https://prod-mercadona.imgix.net/20190521/26/77626/vlc1/77626_00_02.jpg?fit=crop&h=206&w=206",
                    "display_name": "Tisores infantils anatòmiques +0 mesos Deliplus",
                    "bunch_selector": false,
                    "price_instructions": {
                        "iva": 21,
                        "is_new": false,
                        "is_pack": false,
                        "pack_size": null,
                        "unit_name": null,
                        "unit_size": 1.0,
                        "bulk_price": "2.50",
                        "unit_price": "2.50",
                        "approx_size": false,
                        "size_format": "ud",
                        "total_units": null,
                        "unit_selector": true,
                        "bunch_selector": false,
                        "drained_weight": null,
                        "price_decreased": false,
                        "reference_price": "2.50",
                        "min_bunch_amount": 1.0,
                        "reference_format": "ud",
                        "increment_bunch_amount": 1.0
                    }
                },
                {
                    "id": "78132",
                    "limit": 1000,
                    "badges": {
                        "is_water": false,
                        "requires_age_check": false
                    },
                    "packaging": "Paquet",
                    "thumbnail": "https://prod-mercadona.imgix.net/20190521/32/78132/vlc1/78132_00_02.jpg?fit=crop&h=206&w=206",
                    "display_name": "Gases nadó no teixides Velvera",
                    "bunch_selector": false,
                    "price_instructions": {
                        "iva": 21,
                        "is_new": false,
                        "is_pack": false,
                        "pack_size": null,
                        "unit_name": null,
                        "unit_size": 100.0,
                        "bulk_price": "0.02",
                        "unit_price": "1.97",
                        "approx_size": false,
                        "size_format": "ud",
                        "total_units": null,
                        "unit_selector": true,
                        "bunch_selector": false,
                        "drained_weight": null,
                        "price_decreased": false,
                        "reference_price": "0.020",
                        "min_bunch_amount": 1.0,
                        "reference_format": "ud",
                        "increment_bunch_amount": 1.0
                    }
                },
                {
                    "id": "78342",
                    "limit": 1000,
                    "badges": {
                        "is_water": false,
                        "requires_age_check": false
                    },
                    "packaging": "Pot",
                    "thumbnail": "https://prod-mercadona.imgix.net/20190521/42/78342/vlc1/78342_00_02.jpg?fit=crop&h=206&w=206",
                    "display_name": "Llet corporal nadó hidratant Nenuco",
                    "bunch_selector": false,
                    "price_instructions": {
                        "iva": 21,
                        "is_new": false,
                        "is_pack": false,
                        "pack_size": null,
                        "unit_name": null,
                        "unit_size": 0.4,
                        "bulk_price": "8.55",
                        "unit_price": "3.42",
                        "approx_size": false,
                        "size_format": "l",
                        "total_units": null,
                        "unit_selector": true,
                        "bunch_selector": false,
                        "drained_weight": null,
                        "price_decreased": false,
                        "reference_price": "0.86",
                        "min_bunch_amount": 1.0,
                        "reference_format": "100 ml",
                        "increment_bunch_amount": 1.0
                    }
                },
                {
                    "id": "78123",
                    "limit": 1000,
                    "badges": {
                        "is_water": false,
                        "requires_age_check": false
                    },
                    "packaging": "Paquet",
                    "thumbnail": "https://prod-mercadona.imgix.net/20190521/23/78123/vlc1/78123_00_02.jpg?fit=crop&h=206&w=206",
                    "display_name": "Conjunt nadó raspall i pinta blau +0 mesos Deliplus",
                    "bunch_selector": false,
                    "price_instructions": {
                        "iva": 21,
                        "is_new": false,
                        "is_pack": false,
                        "pack_size": null,
                        "unit_name": null,
                        "unit_size": 1.0,
                        "bulk_price": "2.40",
                        "unit_price": "2.40",
                        "approx_size": false,
                        "size_format": "ud",
                        "total_units": null,
                        "unit_selector": true,
                        "bunch_selector": false,
                        "drained_weight": null,
                        "price_decreased": false,
                        "reference_price": "2.40",
                        "min_bunch_amount": 1.0,
                        "reference_format": "ud",
                        "increment_bunch_amount": 1.0
                    }
                },
                {
                    "id": "79115",
                    "limit": 1000,
                    "badges": {
                        "is_water": false,
                        "requires_age_check": false
                    },
                    "packaging": "Capsa",
                    "thumbnail": "https://prod-mercadona.imgix.net/20190521/15/79115/vlc1/79115_00_02.jpg?fit=crop&h=206&w=206",
                    "display_name": "Solució fisiològica salina 0,9 % Velvera",
                    "bunch_selector": false,
                    "price_instructions": {
                        "iva": 21,
                        "is_new": false,
                        "is_pack": false,
                        "pack_size": 0.005,
                        "unit_name": null,
                        "unit_size": 30.0,
                        "bulk_price": "0.11",
                        "unit_price": "3.23",
                        "approx_size": false,
                        "size_format": "ud",
                        "total_units": null,
                        "unit_selector": true,
                        "bunch_selector": false,
                        "drained_weight": null,
                        "price_decreased": false,
                        "reference_price": "0.11",
                        "min_bunch_amount": 1.0,
                        "reference_format": "ud",
                        "increment_bunch_amount": 1.0
                    }
                },
                {
                    "id": "79323",
                    "limit": 1000,
                    "badges": {
                        "is_water": false,
                        "requires_age_check": false
                    },
                    "packaging": "Paquet",
                    "thumbnail": "https://prod-mercadona.imgix.net/20190521/23/79323/vlc1/79323_00_02.jpg?fit=crop&h=206&w=206",
                    "display_name": "Aspirador nasal anatòmic +0 mesos Hippos",
                    "bunch_selector": false,
                    "price_instructions": {
                        "iva": 21,
                        "is_new": false,
                        "is_pack": false,
                        "pack_size": null,
                        "unit_name": null,
                        "unit_size": 1.0,
                        "bulk_price": "3.95",
                        "unit_price": "3.95",
                        "approx_size": false,
                        "size_format": "ud",
                        "total_units": null,
                        "unit_selector": true,
                        "bunch_selector": false,
                        "drained_weight": null,
                        "price_decreased": false,
                        "reference_price": "3.95",
                        "min_bunch_amount": 1.0,
                        "reference_format": "ud",
                        "increment_bunch_amount": 1.0
                    }
                },
                {
                    "id": "79342",
                    "limit": 1000,
                    "badges": {
                        "is_water": false,
                        "requires_age_check": false
                    },
                    "packaging": "Tub",
                    "thumbnail": "https://prod-mercadona.imgix.net/20190521/42/79342/vlc1/79342_00_02.jpg?fit=crop&h=206&w=206",
                    "display_name": "Pomada del bolquer sense perfum Deliplus",
                    "bunch_selector": false,
                    "price_instructions": {
                        "iva": 21,
                        "is_new": false,
                        "is_pack": false,
                        "pack_size": null,
                        "unit_name": null,
                        "unit_size": 0.1,
                        "bulk_price": "29.00",
                        "unit_price": "2.90",
                        "approx_size": false,
                        "size_format": "l",
                        "total_units": null,
                        "unit_selector": true,
                        "bunch_selector": false,
                        "drained_weight": null,
                        "price_decreased": false,
                        "reference_price": "2.90",
                        "min_bunch_amount": 1.0,
                        "reference_format": "100 ml",
                        "increment_bunch_amount": 1.0
                    }
                },
                {
                    "id": "78126",
                    "limit": 1000,
                    "badges": {
                        "is_water": false,
                        "requires_age_check": false
                    },
                    "packaging": "Paquet",
                    "thumbnail": "https://prod-mercadona.imgix.net/20190521/26/78126/vlc1/78126_00_02.jpg?fit=crop&h=206&w=206",
                    "display_name": "Conjunt nadó raspall i pinta rosa +0 mesos Deliplus",
                    "bunch_selector": false,
                    "price_instructions": {
                        "iva": 21,
                        "is_new": false,
                        "is_pack": false,
                        "pack_size": null,
                        "unit_name": null,
                        "unit_size": 1.0,
                        "bulk_price": "2.40",
                        "unit_price": "2.40",
                        "approx_size": false,
                        "size_format": "ud",
                        "total_units": null,
                        "unit_selector": true,
                        "bunch_selector": false,
                        "drained_weight": null,
                        "price_decreased": false,
                        "reference_price": "2.40",
                        "min_bunch_amount": 1.0,
                        "reference_format": "ud",
                        "increment_bunch_amount": 1.0
                    }
                },
                {
                    "id": "89416",
                    "limit": 1000,
                    "badges": {
                        "is_water": false,
                        "requires_age_check": false
                    },
                    "packaging": "Capsa",
                    "thumbnail": "https://prod-mercadona.imgix.net/20190521/16/89416/vlc1/89416_00_02.jpg?fit=crop&h=206&w=206",
                    "display_name": "Estoig de nadó per omplir Alcograf",
                    "bunch_selector": false,
                    "price_instructions": {
                        "iva": 21,
                        "is_new": false,
                        "is_pack": false,
                        "pack_size": null,
                        "unit_name": null,
                        "unit_size": 1.0,
                        "bulk_price": "1.50",
                        "unit_price": "1.50",
                        "approx_size": false,
                        "size_format": "ud",
                        "total_units": null,
                        "unit_selector": true,
                        "bunch_selector": false,
                        "drained_weight": null,
                        "price_decreased": false,
                        "reference_price": "1.50",
                        "min_bunch_amount": 1.0,
                        "reference_format": "ud",
                        "increment_bunch_amount": 1.0
                    }
                },
                {
                    "id": "46503",
                    "limit": 1000,
                    "badges": {
                        "is_water": false,
                        "requires_age_check": false
                    },
                    "packaging": null,
                    "thumbnail": "https://prod-mercadona.imgix.net/20190521/03/46503/vlc1/46503_00_01.jpg?fit=crop&h=206&w=206",
                    "display_name": "Motxilla de passeig nadó rosa Nenuco",
                    "bunch_selector": false,
                    "price_instructions": {
                        "iva": 21,
                        "is_new": false,
                        "is_pack": false,
                        "pack_size": null,
                        "unit_name": null,
                        "unit_size": 1.0,
                        "bulk_price": "11.93",
                        "unit_price": "11.93",
                        "approx_size": false,
                        "size_format": "ud",
                        "total_units": null,
                        "unit_selector": true,
                        "bunch_selector": false,
                        "drained_weight": null,
                        "price_decreased": false,
                        "reference_price": "11.93",
                        "min_bunch_amount": 1.0,
                        "reference_format": "ud",
                        "increment_bunch_amount": 1.0
                    }
                },
                {
                    "id": "46508",
                    "limit": 1000,
                    "badges": {
                        "is_water": false,
                        "requires_age_check": false
                    },
                    "packaging": "Ampolla",
                    "thumbnail": "https://prod-mercadona.imgix.net/20190521/08/46508/vlc1/46508_00_02.jpg?fit=crop&h=206&w=206",
                    "display_name": "Colònia nadó Nenuco",
                    "bunch_selector": false,
                    "price_instructions": {
                        "iva": 21,
                        "is_new": false,
                        "is_pack": false,
                        "pack_size": null,
                        "unit_name": null,
                        "unit_size": 0.6,
                        "bulk_price": "4.08",
                        "unit_price": "2.45",
                        "approx_size": false,
                        "size_format": "l",
                        "total_units": null,
                        "unit_selector": true,
                        "bunch_selector": false,
                        "drained_weight": null,
                        "price_decreased": false,
                        "reference_price": "0.41",
                        "min_bunch_amount": 1.0,
                        "reference_format": "100 ml",
                        "increment_bunch_amount": 1.0
                    }
                },
                {
                    "id": "46650",
                    "limit": 1000,
                    "badges": {
                        "is_water": false,
                        "requires_age_check": false
                    },
                    "packaging": "Pot",
                    "thumbnail": "https://prod-mercadona.imgix.net/20190521/50/46650/vlc1/46650_00_02.jpg?fit=crop&h=206&w=206",
                    "display_name": "Colònia fresca infantil Deliplus amb notes cítriques",
                    "bunch_selector": false,
                    "price_instructions": {
                        "iva": 21,
                        "is_new": false,
                        "is_pack": false,
                        "pack_size": null,
                        "unit_name": null,
                        "unit_size": 0.1,
                        "bulk_price": "14.50",
                        "unit_price": "1.45",
                        "approx_size": false,
                        "size_format": "l",
                        "total_units": null,
                        "unit_selector": true,
                        "bunch_selector": false,
                        "drained_weight": null,
                        "price_decreased": false,
                        "reference_price": "1.45",
                        "min_bunch_amount": 1.0,
                        "reference_format": "100 ml",
                        "increment_bunch_amount": 1.0
                    }
                },
                {
                    "id": "46559",
                    "limit": 1000,
                    "badges": {
                        "is_water": false,
                        "requires_age_check": false
                    },
                    "packaging": "Pot",
                    "thumbnail": "https://prod-mercadona.imgix.net/20190521/59/46559/vlc1/46559_00_02.jpg?fit=crop&h=206&w=206",
                    "display_name": "Aigua perfumada nadó amb notes florals Deliplus",
                    "bunch_selector": false,
                    "price_instructions": {
                        "iva": 21,
                        "is_new": false,
                        "is_pack": false,
                        "pack_size": null,
                        "unit_name": null,
                        "unit_size": 0.1,
                        "bulk_price": "21.50",
                        "unit_price": "2.15",
                        "approx_size": false,
                        "size_format": "l",
                        "total_units": null,
                        "unit_selector": true,
                        "bunch_selector": false,
                        "drained_weight": null,
                        "price_decreased": false,
                        "reference_price": "2.15",
                        "min_bunch_amount": 1.0,
                        "reference_format": "100 ml",
                        "increment_bunch_amount": 1.0
                    }
                },
                {
                    "id": "46510",
                    "limit": 1000,
                    "badges": {
                        "is_water": false,
                        "requires_age_check": false
                    },
                    "packaging": "Pot",
                    "thumbnail": "https://prod-mercadona.imgix.net/20190521/10/46510/vlc1/46510_00_02.jpg?fit=crop&h=206&w=206",
                    "display_name": "Colònia nadó Nenuco",
                    "bunch_selector": false,
                    "price_instructions": {
                        "iva": 21,
                        "is_new": false,
                        "is_pack": false,
                        "pack_size": null,
                        "unit_name": null,
                        "unit_size": 0.24,
                        "bulk_price": "13.62",
                        "unit_price": "3.27",
                        "approx_size": false,
                        "size_format": "l",
                        "total_units": null,
                        "unit_selector": true,
                        "bunch_selector": false,
                        "drained_weight": null,
                        "price_decreased": false,
                        "reference_price": "1.36",
                        "min_bunch_amount": 1.0,
                        "reference_format": "100 ml",
                        "increment_bunch_amount": 1.0
                    }
                },
                {
                    "id": "46646",
                    "limit": 1000,
                    "badges": {
                        "is_water": false,
                        "requires_age_check": false
                    },
                    "packaging": "Pot",
                    "thumbnail": "https://prod-mercadona.imgix.net/20190521/46/46646/vlc1/46646_00_02.jpg?fit=crop&h=206&w=206",
                    "display_name": "Colònia fresca infantil Deliplus amb notes cítriques",
                    "bunch_selector": false,
                    "price_instructions": {
                        "iva": 21,
                        "is_new": false,
                        "is_pack": false,
                        "pack_size": null,
                        "unit_name": null,
                        "unit_size": 0.6,
                        "bulk_price": "3.42",
                        "unit_price": "2.05",
                        "approx_size": false,
                        "size_format": "l",
                        "total_units": null,
                        "unit_selector": true,
                        "bunch_selector": false,
                        "drained_weight": null,
                        "price_decreased": false,
                        "reference_price": "0.34",
                        "min_bunch_amount": 1.0,
                        "reference_format": "100 ml",
                        "increment_bunch_amount": 1.0
                    }
                },
                {
                    "id": "46595",
                    "limit": 1000,
                    "badges": {
                        "is_water": false,
                        "requires_age_check": false
                    },
                    "packaging": null,
                    "thumbnail": "https://prod-mercadona.imgix.net/20190521/95/46595/vlc1/46595_00_01.jpg?fit=crop&h=206&w=206",
                    "display_name": "Motxilla de passeig nadó blau Nenuco",
                    "bunch_selector": false,
                    "price_instructions": {
                        "iva": 21,
                        "is_new": false,
                        "is_pack": false,
                        "pack_size": null,
                        "unit_name": null,
                        "unit_size": 1.0,
                        "bulk_price": "11.93",
                        "unit_price": "11.93",
                        "approx_size": false,
                        "size_format": "ud",
                        "total_units": null,
                        "unit_selector": true,
                        "bunch_selector": false,
                        "drained_weight": null,
                        "price_decreased": false,
                        "reference_price": "11.93",
                        "min_bunch_amount": 1.0,
                        "reference_format": "ud",
                        "increment_bunch_amount": 1.0
                    }
                },
                {
                    "id": "79507",
                    "limit": 1000,
                    "badges": {
                        "is_water": false,
                        "requires_age_check": false
                    },
                    "packaging": "Capsa",
                    "thumbnail": "https://prod-mercadona.imgix.net/20190521/07/79507/vlc1/79507_00_01.jpg?fit=crop&h=206&w=206",
                    "display_name": "Bastonets cotó per a nens Deliplus",
                    "bunch_selector": false,
                    "price_instructions": {
                        "iva": 21,
                        "is_new": false,
                        "is_pack": false,
                        "pack_size": null,
                        "unit_name": null,
                        "unit_size": 50.0,
                        "bulk_price": "0.02",
                        "unit_price": "0.75",
                        "approx_size": false,
                        "size_format": "ud",
                        "total_units": null,
                        "unit_selector": true,
                        "bunch_selector": false,
                        "drained_weight": null,
                        "price_decreased": false,
                        "reference_price": "0.015",
                        "min_bunch_amount": 1.0,
                        "reference_format": "ud",
                        "increment_bunch_amount": 1.0
                    }
                },
                {
                    "id": "79582",
                    "limit": 1000,
                    "badges": {
                        "is_water": false,
                        "requires_age_check": false
                    },
                    "packaging": "Paquet",
                    "thumbnail": "https://prod-mercadona.imgix.net/20190521/82/79582/vlc1/79582_00_02.jpg?fit=crop&h=206&w=206",
                    "display_name": "Recanvis recàrrega aspirador nasal anatòmic Deliplus",
                    "bunch_selector": false,
                    "price_instructions": {
                        "iva": 21,
                        "is_new": false,
                        "is_pack": false,
                        "pack_size": null,
                        "unit_name": null,
                        "unit_size": 10.0,
                        "bulk_price": "0.32",
                        "unit_price": "3.15",
                        "approx_size": false,
                        "size_format": "ud",
                        "total_units": null,
                        "unit_selector": true,
                        "bunch_selector": false,
                        "drained_weight": null,
                        "price_decreased": false,
                        "reference_price": "0.32",
                        "min_bunch_amount": 1.0,
                        "reference_format": "ud",
                        "increment_bunch_amount": 1.0
                    }
                }
            ],
            "is_extended": false
        },
        {
            "id": 217,
            "name": "Tovalloletes i bolquers",
            "layout": 1,
            "products": [
                {
                    "id": "47398",
                    "limit": 1000,
                    "badges": {
                        "is_water": false,
                        "requires_age_check": false
                    },
                    "packaging": "Paquet",
                    "thumbnail": "https://prod-mercadona.imgix.net/20190521/98/47398/vlc1/47398_00_01.jpg?fit=crop&h=206&w=206",
                    "display_name": "Bolquers nadó talla 5 de 13-18 kg Deliplus",
                    "bunch_selector": false,
                    "price_instructions": {
                        "iva": 21,
                        "is_new": false,
                        "is_pack": false,
                        "pack_size": null,
                        "unit_name": null,
                        "unit_size": 30.0,
                        "bulk_price": "0.17",
                        "unit_price": "5.20",
                        "approx_size": false,
                        "size_format": "ud",
                        "total_units": null,
                        "unit_selector": true,
                        "bunch_selector": false,
                        "drained_weight": null,
                        "price_decreased": false,
                        "reference_price": "0.17",
                        "min_bunch_amount": 1.0,
                        "reference_format": "ud",
                        "increment_bunch_amount": 1.0
                    }
                },
                {
                    "id": "47396",
                    "limit": 1000,
                    "badges": {
                        "is_water": false,
                        "requires_age_check": false
                    },
                    "packaging": "Paquet",
                    "thumbnail": "https://prod-mercadona.imgix.net/20190521/96/47396/vlc1/47396_00_01.jpg?fit=crop&h=206&w=206",
                    "display_name": "Bolquers nadó talla 4 de 9-15 kg Deliplus",
                    "bunch_selector": false,
                    "price_instructions": {
                        "iva": 21,
                        "is_new": false,
                        "is_pack": false,
                        "pack_size": null,
                        "unit_name": null,
                        "unit_size": 34.0,
                        "bulk_price": "0.15",
                        "unit_price": "5.20",
                        "approx_size": false,
                        "size_format": "ud",
                        "total_units": null,
                        "unit_selector": true,
                        "bunch_selector": false,
                        "drained_weight": null,
                        "price_decreased": false,
                        "reference_price": "0.15",
                        "min_bunch_amount": 1.0,
                        "reference_format": "ud",
                        "increment_bunch_amount": 1.0
                    }
                },
                {
                    "id": "47279",
                    "limit": 1000,
                    "badges": {
                        "is_water": false,
                        "requires_age_check": false
                    },
                    "packaging": "Paquet",
                    "thumbnail": "https://prod-mercadona.imgix.net/20190521/79/47279/vlc1/47279_00_01.jpg?fit=crop&h=206&w=206",
                    "display_name": "Bolquers nadó talla 5 de 11-16 kg Dodot",
                    "bunch_selector": false,
                    "price_instructions": {
                        "iva": 21,
                        "is_new": false,
                        "is_pack": false,
                        "pack_size": null,
                        "unit_name": null,
                        "unit_size": 34.0,
                        "bulk_price": "0.26",
                        "unit_price": "8.83",
                        "approx_size": false,
                        "size_format": "ud",
                        "total_units": null,
                        "unit_selector": true,
                        "bunch_selector": false,
                        "drained_weight": null,
                        "price_decreased": false,
                        "reference_price": "0.26",
                        "min_bunch_amount": 1.0,
                        "reference_format": "ud",
                        "increment_bunch_amount": 1.0
                    }
                },
                {
                    "id": "47395",
                    "limit": 1000,
                    "badges": {
                        "is_water": false,
                        "requires_age_check": false
                    },
                    "packaging": "Paquet-3",
                    "thumbnail": "https://prod-mercadona.imgix.net/20190521/95/47395/vlc1/47395_00_01.jpg?fit=crop&h=206&w=206",
                    "display_name": "Bolquers nadó talla 3 de 4-10 kg Deliplus",
                    "bunch_selector": false,
                    "price_instructions": {
                        "iva": 21,
                        "is_new": false,
                        "is_pack": true,
                        "pack_size": 36.0,
                        "unit_name": "paquets",
                        "unit_size": 108.0,
                        "bulk_price": "0.13",
                        "unit_price": "14.30",
                        "approx_size": false,
                        "size_format": "ud",
                        "total_units": 3,
                        "unit_selector": true,
                        "bunch_selector": false,
                        "drained_weight": null,
                        "price_decreased": false,
                        "reference_price": "0.13",
                        "min_bunch_amount": 1.0,
                        "reference_format": "ud",
                        "increment_bunch_amount": 1.0
                    }
                },
                {
                    "id": "47269",
                    "limit": 1000,
                    "badges": {
                        "is_water": false,
                        "requires_age_check": false
                    },
                    "packaging": "Paquet",
                    "thumbnail": "https://prod-mercadona.imgix.net/20190521/69/47269/vlc1/47269_00_01.jpg?fit=crop&h=206&w=206",
                    "display_name": "Bolquers nadó talla 6 més de 13 kg Dodot",
                    "bunch_selector": false,
                    "price_instructions": {
                        "iva": 21,
                        "is_new": false,
                        "is_pack": false,
                        "pack_size": null,
                        "unit_name": null,
                        "unit_size": 28.0,
                        "bulk_price": "0.32",
                        "unit_price": "8.85",
                        "approx_size": false,
                        "size_format": "ud",
                        "total_units": null,
                        "unit_selector": true,
                        "bunch_selector": false,
                        "drained_weight": null,
                        "price_decreased": false,
                        "reference_price": "0.32",
                        "min_bunch_amount": 1.0,
                        "reference_format": "ud",
                        "increment_bunch_amount": 1.0
                    }
                },
                {
                    "id": "47309",
                    "limit": 1000,
                    "badges": {
                        "is_water": false,
                        "requires_age_check": false
                    },
                    "packaging": "Paquet",
                    "thumbnail": "https://prod-mercadona.imgix.net/20190521/09/47309/vlc1/47309_00_01.jpg?fit=crop&h=206&w=206",
                    "display_name": "Bolquers júnior talla 34-46 més de 25 kg Deliplus unisex",
                    "bunch_selector": false,
                    "price_instructions": {
                        "iva": 10,
                        "is_new": false,
                        "is_pack": false,
                        "pack_size": null,
                        "unit_name": null,
                        "unit_size": 20.0,
                        "bulk_price": "0.42",
                        "unit_price": "8.50",
                        "approx_size": false,
                        "size_format": "ud",
                        "total_units": null,
                        "unit_selector": true,
                        "bunch_selector": false,
                        "drained_weight": null,
                        "price_decreased": false,
                        "reference_price": "0.42",
                        "min_bunch_amount": 1.0,
                        "reference_format": "ud",
                        "increment_bunch_amount": 1.0
                    }
                },
                {
                    "id": "47394",
                    "limit": 1000,
                    "badges": {
                        "is_water": false,
                        "requires_age_check": false
                    },
                    "packaging": "Paquet",
                    "thumbnail": "https://prod-mercadona.imgix.net/20190521/94/47394/vlc1/47394_00_01.jpg?fit=crop&h=206&w=206",
                    "display_name": "Bolquers nadó talla 3 de 4-10 kg Deliplus",
                    "bunch_selector": false,
                    "price_instructions": {
                        "iva": 21,
                        "is_new": false,
                        "is_pack": false,
                        "pack_size": null,
                        "unit_name": null,
                        "unit_size": 36.0,
                        "bulk_price": "0.14",
                        "unit_price": "4.90",
                        "approx_size": false,
                        "size_format": "ud",
                        "total_units": null,
                        "unit_selector": true,
                        "bunch_selector": false,
                        "drained_weight": null,
                        "price_decreased": false,
                        "reference_price": "0.14",
                        "min_bunch_amount": 1.0,
                        "reference_format": "ud",
                        "increment_bunch_amount": 1.0
                    }
                },
                {
                    "id": "47364",
                    "limit": 1000,
                    "badges": {
                        "is_water": false,
                        "requires_age_check": false
                    },
                    "packaging": "Paquet",
                    "thumbnail": "https://prod-mercadona.imgix.net/20190521/64/47364/vlc1/47364_00_01.jpg?fit=crop&h=206&w=206",
                    "display_name": "Bolquers nadó talla 1 de 2-4 kg Deliplus",
                    "bunch_selector": false,
                    "price_instructions": {
                        "iva": 21,
                        "is_new": false,
                        "is_pack": false,
                        "pack_size": null,
                        "unit_name": null,
                        "unit_size": 30.0,
                        "bulk_price": "0.16",
                        "unit_price": "4.72",
                        "approx_size": false,
                        "size_format": "ud",
                        "total_units": null,
                        "unit_selector": true,
                        "bunch_selector": false,
                        "drained_weight": null,
                        "price_decreased": false,
                        "reference_price": "0.16",
                        "min_bunch_amount": 1.0,
                        "reference_format": "ud",
                        "increment_bunch_amount": 1.0
                    }
                },
                {
                    "id": "79428",
                    "limit": 1000,
                    "badges": {
                        "is_water": false,
                        "requires_age_check": false
                    },
                    "packaging": "Paquet",
                    "thumbnail": "https://prod-mercadona.imgix.net/20190521/28/79428/vlc1/79428_00_01.jpg?fit=crop&h=206&w=206",
                    "display_name": "Tovalloletes nadó fresques i perfumades Deliplus",
                    "bunch_selector": false,
                    "price_instructions": {
                        "iva": 21,
                        "is_new": false,
                        "is_pack": false,
                        "pack_size": null,
                        "unit_name": null,
                        "unit_size": 24.0,
                        "bulk_price": "0.03",
                        "unit_price": "0.70",
                        "approx_size": false,
                        "size_format": "ud",
                        "total_units": null,
                        "unit_selector": true,
                        "bunch_selector": false,
                        "drained_weight": null,
                        "price_decreased": false,
                        "reference_price": "0.029",
                        "min_bunch_amount": 1.0,
                        "reference_format": "ud",
                        "increment_bunch_amount": 1.0
                    }
                },
                {
                    "id": "79427",
                    "limit": 1000,
                    "badges": {
                        "is_water": false,
                        "requires_age_check": false
                    },
                    "packaging": "Paquet",
                    "thumbnail": "https://prod-mercadona.imgix.net/20190521/27/79427/vlc1/79427_00_01.jpg?fit=crop&h=206&w=206",
                    "display_name": "Tovalloletes nadó fresques i perfumades Deliplus",
                    "bunch_selector": false,
                    "price_instructions": {
                        "iva": 21,
                        "is_new": false,
                        "is_pack": false,
                        "pack_size": null,
                        "unit_name": null,
                        "unit_size": 80.0,
                        "bulk_price": "0.01",
                        "unit_price": "1.00",
                        "approx_size": false,
                        "size_format": "ud",
                        "total_units": null,
                        "unit_selector": true,
                        "bunch_selector": false,
                        "drained_weight": null,
                        "price_decreased": false,
                        "reference_price": "0.012",
                        "min_bunch_amount": 1.0,
                        "reference_format": "ud",
                        "increment_bunch_amount": 1.0
                    }
                },
                {
                    "id": "79426",
                    "limit": 1000,
                    "badges": {
                        "is_water": false,
                        "requires_age_check": false
                    },
                    "packaging": "Paquet-3",
                    "thumbnail": "https://prod-mercadona.imgix.net/20190521/26/79426/vlc1/79426_00_01.jpg?fit=crop&h=206&w=206",
                    "display_name": "Tovalloletes nadó fresques i perfumades Deliplus",
                    "bunch_selector": false,
                    "price_instructions": {
                        "iva": 21,
                        "is_new": false,
                        "is_pack": true,
                        "pack_size": 80.0,
                        "unit_name": "paquets",
                        "unit_size": 240.0,
                        "bulk_price": "0.01",
                        "unit_price": "2.80",
                        "approx_size": false,
                        "size_format": "ud",
                        "total_units": 3,
                        "unit_selector": true,
                        "bunch_selector": false,
                        "drained_weight": null,
                        "price_decreased": false,
                        "reference_price": "0.012",
                        "min_bunch_amount": 1.0,
                        "reference_format": "ud",
                        "increment_bunch_amount": 1.0
                    }
                },
                {
                    "id": "79430",
                    "limit": 1000,
                    "badges": {
                        "is_water": false,
                        "requires_age_check": false
                    },
                    "packaging": "Paquet",
                    "thumbnail": "https://prod-mercadona.imgix.net/20190521/30/79430/vlc1/79430_00_01.jpg?fit=crop&h=206&w=206",
                    "display_name": "Tovalloletes nadó cremoses Deliplus",
                    "bunch_selector": false,
                    "price_instructions": {
                        "iva": 21,
                        "is_new": false,
                        "is_pack": false,
                        "pack_size": null,
                        "unit_name": null,
                        "unit_size": 24.0,
                        "bulk_price": "0.04",
                        "unit_price": "0.85",
                        "approx_size": false,
                        "size_format": "ud",
                        "total_units": null,
                        "unit_selector": true,
                        "bunch_selector": false,
                        "drained_weight": null,
                        "price_decreased": false,
                        "reference_price": "0.035",
                        "min_bunch_amount": 1.0,
                        "reference_format": "ud",
                        "increment_bunch_amount": 1.0
                    }
                },
                {
                    "id": "47437",
                    "limit": 1000,
                    "badges": {
                        "is_water": false,
                        "requires_age_check": false
                    },
                    "packaging": "Paquet",
                    "thumbnail": "https://prod-mercadona.imgix.net/20190521/37/47437/vlc1/47437_00_01.jpg?fit=crop&h=206&w=206",
                    "display_name": "Banyador d'un sol ús talla S Deliplus de 6-12 kg unisex",
                    "bunch_selector": false,
                    "price_instructions": {
                        "iva": 21,
                        "is_new": false,
                        "is_pack": false,
                        "pack_size": null,
                        "unit_name": null,
                        "unit_size": 6.0,
                        "bulk_price": "0.49",
                        "unit_price": "2.95",
                        "approx_size": false,
                        "size_format": "ud",
                        "total_units": null,
                        "unit_selector": true,
                        "bunch_selector": false,
                        "drained_weight": null,
                        "price_decreased": false,
                        "reference_price": "0.49",
                        "min_bunch_amount": 1.0,
                        "reference_format": "ud",
                        "increment_bunch_amount": 1.0
                    }
                },
                {
                    "id": "79429",
                    "limit": 1000,
                    "badges": {
                        "is_water": false,
                        "requires_age_check": false
                    },
                    "packaging": "Paquet",
                    "thumbnail": "https://prod-mercadona.imgix.net/20190521/29/79429/vlc1/79429_00_01.jpg?fit=crop&h=206&w=206",
                    "display_name": "Tovalloletes nadó cremoses Deliplus",
                    "bunch_selector": false,
                    "price_instructions": {
                        "iva": 21,
                        "is_new": false,
                        "is_pack": false,
                        "pack_size": null,
                        "unit_name": null,
                        "unit_size": 80.0,
                        "bulk_price": "0.02",
                        "unit_price": "1.35",
                        "approx_size": false,
                        "size_format": "ud",
                        "total_units": null,
                        "unit_selector": true,
                        "bunch_selector": false,
                        "drained_weight": null,
                        "price_decreased": false,
                        "reference_price": "0.017",
                        "min_bunch_amount": 1.0,
                        "reference_format": "ud",
                        "increment_bunch_amount": 1.0
                    }
                },
                {
                    "id": "79431",
                    "limit": 1000,
                    "badges": {
                        "is_water": false,
                        "requires_age_check": false
                    },
                    "packaging": "Paquet",
                    "thumbnail": "https://prod-mercadona.imgix.net/20190521/31/79431/vlc1/79431_00_01.jpg?fit=crop&h=206&w=206",
                    "display_name": "Tovalloletes nadó pells sensibles Deliplus",
                    "bunch_selector": false,
                    "price_instructions": {
                        "iva": 21,
                        "is_new": false,
                        "is_pack": false,
                        "pack_size": null,
                        "unit_name": null,
                        "unit_size": 80.0,
                        "bulk_price": "0.02",
                        "unit_price": "1.55",
                        "approx_size": false,
                        "size_format": "ud",
                        "total_units": null,
                        "unit_selector": true,
                        "bunch_selector": false,
                        "drained_weight": null,
                        "price_decreased": false,
                        "reference_price": "0.019",
                        "min_bunch_amount": 1.0,
                        "reference_format": "ud",
                        "increment_bunch_amount": 1.0
                    }
                },
                {
                    "id": "47438",
                    "limit": 1000,
                    "badges": {
                        "is_water": false,
                        "requires_age_check": false
                    },
                    "packaging": "Paquet",
                    "thumbnail": "https://prod-mercadona.imgix.net/20190521/38/47438/vlc1/47438_00_01.jpg?fit=crop&h=206&w=206",
                    "display_name": "Banyador d'un sol ús talla M Deliplus de 11-18 kg unisex",
                    "bunch_selector": false,
                    "price_instructions": {
                        "iva": 21,
                        "is_new": false,
                        "is_pack": false,
                        "pack_size": null,
                        "unit_name": null,
                        "unit_size": 6.0,
                        "bulk_price": "0.49",
                        "unit_price": "2.95",
                        "approx_size": false,
                        "size_format": "ud",
                        "total_units": null,
                        "unit_selector": true,
                        "bunch_selector": false,
                        "drained_weight": null,
                        "price_decreased": false,
                        "reference_price": "0.49",
                        "min_bunch_amount": 1.0,
                        "reference_format": "ud",
                        "increment_bunch_amount": 1.0
                    }
                },
                {
                    "id": "79432",
                    "limit": 1000,
                    "badges": {
                        "is_water": false,
                        "requires_age_check": false
                    },
                    "packaging": "Paquet",
                    "thumbnail": "https://prod-mercadona.imgix.net/20190521/32/79432/vlc1/79432_00_01.jpg?fit=crop&h=206&w=206",
                    "display_name": "Tovalloletes infantils cara i mans Deliplus",
                    "bunch_selector": false,
                    "price_instructions": {
                        "iva": 21,
                        "is_new": false,
                        "is_pack": false,
                        "pack_size": null,
                        "unit_name": null,
                        "unit_size": 20.0,
                        "bulk_price": "0.03",
                        "unit_price": "0.55",
                        "approx_size": false,
                        "size_format": "ud",
                        "total_units": null,
                        "unit_selector": true,
                        "bunch_selector": false,
                        "drained_weight": null,
                        "price_decreased": false,
                        "reference_price": "0.028",
                        "min_bunch_amount": 1.0,
                        "reference_format": "ud",
                        "increment_bunch_amount": 1.0
                    }
                },
                {
                    "id": "47451",
                    "limit": 1000,
                    "badges": {
                        "is_water": false,
                        "requires_age_check": false
                    },
                    "packaging": "Paquet",
                    "thumbnail": "https://prod-mercadona.imgix.net/20190521/51/47451/vlc1/47451_00_01.jpg?fit=crop&h=206&w=206",
                    "display_name": "Bolquers nadó talla 2 de 3-6 kg Deliplus",
                    "bunch_selector": false,
                    "price_instructions": {
                        "iva": 21,
                        "is_new": false,
                        "is_pack": false,
                        "pack_size": null,
                        "unit_name": null,
                        "unit_size": 50.0,
                        "bulk_price": "0.14",
                        "unit_price": "6.90",
                        "approx_size": false,
                        "size_format": "ud",
                        "total_units": null,
                        "unit_selector": true,
                        "bunch_selector": false,
                        "drained_weight": null,
                        "price_decreased": false,
                        "reference_price": "0.14",
                        "min_bunch_amount": 1.0,
                        "reference_format": "ud",
                        "increment_bunch_amount": 1.0
                    }
                },
                {
                    "id": "79435",
                    "limit": 1000,
                    "badges": {
                        "is_water": false,
                        "requires_age_check": false
                    },
                    "packaging": "Paquet",
                    "thumbnail": "https://prod-mercadona.imgix.net/20190521/35/79435/vlc1/79435_00_01.jpg?fit=crop&h=206&w=206",
                    "display_name": "Tovalloletes nadó pells sensibles Deliplus",
                    "bunch_selector": false,
                    "price_instructions": {
                        "iva": 21,
                        "is_new": false,
                        "is_pack": false,
                        "pack_size": null,
                        "unit_name": null,
                        "unit_size": 24.0,
                        "bulk_price": "0.04",
                        "unit_price": "0.90",
                        "approx_size": false,
                        "size_format": "ud",
                        "total_units": null,
                        "unit_selector": true,
                        "bunch_selector": false,
                        "drained_weight": null,
                        "price_decreased": false,
                        "reference_price": "0.038",
                        "min_bunch_amount": 1.0,
                        "reference_format": "ud",
                        "increment_bunch_amount": 1.0
                    }
                },
                {
                    "id": "47397",
                    "limit": 1000,
                    "badges": {
                        "is_water": false,
                        "requires_age_check": false
                    },
                    "packaging": "Paquet-3",
                    "thumbnail": "https://prod-mercadona.imgix.net/20190521/97/47397/vlc1/47397_00_01.jpg?fit=crop&h=206&w=206",
                    "display_name": "Bolquers nadó talla 4 de 9-15 kg Deliplus",
                    "bunch_selector": false,
                    "price_instructions": {
                        "iva": 21,
                        "is_new": false,
                        "is_pack": true,
                        "pack_size": 34.0,
                        "unit_name": "paquets",
                        "unit_size": 102.0,
                        "bulk_price": "0.15",
                        "unit_price": "15.00",
                        "approx_size": false,
                        "size_format": "ud",
                        "total_units": 3,
                        "unit_selector": true,
                        "bunch_selector": false,
                        "drained_weight": null,
                        "price_decreased": false,
                        "reference_price": "0.15",
                        "min_bunch_amount": 1.0,
                        "reference_format": "ud",
                        "increment_bunch_amount": 1.0
                    }
                },
                {
                    "id": "79434",
                    "limit": 1000,
                    "badges": {
                        "is_water": false,
                        "requires_age_check": false
                    },
                    "packaging": "Paquet",
                    "thumbnail": "https://prod-mercadona.imgix.net/20190521/34/79434/vlc1/79434_00_01.jpg?fit=crop&h=206&w=206",
                    "display_name": "Tovalloletes nadó pells amb tendència atòpica Deliplus",
                    "bunch_selector": false,
                    "price_instructions": {
                        "iva": 21,
                        "is_new": false,
                        "is_pack": false,
                        "pack_size": null,
                        "unit_name": null,
                        "unit_size": 24.0,
                        "bulk_price": "0.04",
                        "unit_price": "0.95",
                        "approx_size": false,
                        "size_format": "ud",
                        "total_units": null,
                        "unit_selector": true,
                        "bunch_selector": false,
                        "drained_weight": null,
                        "price_decreased": false,
                        "reference_price": "0.040",
                        "min_bunch_amount": 1.0,
                        "reference_format": "ud",
                        "increment_bunch_amount": 1.0
                    }
                },
                {
                    "id": "79433",
                    "limit": 1000,
                    "badges": {
                        "is_water": false,
                        "requires_age_check": false
                    },
                    "packaging": "Paquet",
                    "thumbnail": "https://prod-mercadona.imgix.net/20190521/33/79433/vlc1/79433_00_01.jpg?fit=crop&h=206&w=206",
                    "display_name": "Tovalloletes nadó pells amb tendència atòpica Deliplus",
                    "bunch_selector": false,
                    "price_instructions": {
                        "iva": 21,
                        "is_new": false,
                        "is_pack": false,
                        "pack_size": null,
                        "unit_name": null,
                        "unit_size": 60.0,
                        "bulk_price": "0.03",
                        "unit_price": "1.60",
                        "approx_size": false,
                        "size_format": "ud",
                        "total_units": null,
                        "unit_selector": true,
                        "bunch_selector": false,
                        "drained_weight": null,
                        "price_decreased": false,
                        "reference_price": "0.027",
                        "min_bunch_amount": 1.0,
                        "reference_format": "ud",
                        "increment_bunch_amount": 1.0
                    }
                },
                {
                    "id": "47473",
                    "limit": 1000,
                    "badges": {
                        "is_water": false,
                        "requires_age_check": false
                    },
                    "packaging": "Paquet",
                    "thumbnail": "https://prod-mercadona.imgix.net/20190521/73/47473/vlc1/47473_00_02.jpg?fit=crop&h=206&w=206",
                    "display_name": "Canviador multiusos d'un sol ús Libero",
                    "bunch_selector": false,
                    "price_instructions": {
                        "iva": 21,
                        "is_new": false,
                        "is_pack": false,
                        "pack_size": null,
                        "unit_name": null,
                        "unit_size": 6.0,
                        "bulk_price": "0.32",
                        "unit_price": "1.95",
                        "approx_size": false,
                        "size_format": "ud",
                        "total_units": null,
                        "unit_selector": true,
                        "bunch_selector": false,
                        "drained_weight": null,
                        "price_decreased": false,
                        "reference_price": "0.32",
                        "min_bunch_amount": 1.0,
                        "reference_format": "ud",
                        "increment_bunch_amount": 1.0
                    }
                },
                {
                    "id": "47287",
                    "limit": 1000,
                    "badges": {
                        "is_water": false,
                        "requires_age_check": false
                    },
                    "packaging": "Paquet",
                    "thumbnail": "https://prod-mercadona.imgix.net/20190521/87/47287/vlc1/47287_00_01.jpg?fit=crop&h=206&w=206",
                    "display_name": "Bolquers nadó talla 2 de 4-8 kg Dodot",
                    "bunch_selector": false,
                    "price_instructions": {
                        "iva": 21,
                        "is_new": false,
                        "is_pack": false,
                        "pack_size": null,
                        "unit_name": null,
                        "unit_size": 58.0,
                        "bulk_price": "0.23",
                        "unit_price": "13.09",
                        "approx_size": false,
                        "size_format": "ud",
                        "total_units": null,
                        "unit_selector": true,
                        "bunch_selector": false,
                        "drained_weight": null,
                        "price_decreased": false,
                        "reference_price": "0.23",
                        "min_bunch_amount": 1.0,
                        "reference_format": "ud",
                        "increment_bunch_amount": 1.0
                    }
                },
                {
                    "id": "47267",
                    "limit": 1000,
                    "badges": {
                        "is_water": false,
                        "requires_age_check": false
                    },
                    "packaging": "Paquet",
                    "thumbnail": "https://prod-mercadona.imgix.net/20190521/67/47267/vlc1/47267_00_01.jpg?fit=crop&h=206&w=206",
                    "display_name": "Bolquers nadó talla 3 de 6-10 kg Dodot",
                    "bunch_selector": false,
                    "price_instructions": {
                        "iva": 21,
                        "is_new": false,
                        "is_pack": false,
                        "pack_size": null,
                        "unit_name": null,
                        "unit_size": 40.0,
                        "bulk_price": "0.22",
                        "unit_price": "8.74",
                        "approx_size": false,
                        "size_format": "ud",
                        "total_units": null,
                        "unit_selector": true,
                        "bunch_selector": false,
                        "drained_weight": null,
                        "price_decreased": false,
                        "reference_price": "0.22",
                        "min_bunch_amount": 1.0,
                        "reference_format": "ud",
                        "increment_bunch_amount": 1.0
                    }
                },
                {
                    "id": "47276",
                    "limit": 1000,
                    "badges": {
                        "is_water": false,
                        "requires_age_check": false
                    },
                    "packaging": "Paquet",
                    "thumbnail": "https://prod-mercadona.imgix.net/20190521/76/47276/vlc1/47276_00_01.jpg?fit=crop&h=206&w=206",
                    "display_name": "Bolquers nadó talla 4 de 9-14 kg Dodot",
                    "bunch_selector": false,
                    "price_instructions": {
                        "iva": 21,
                        "is_new": false,
                        "is_pack": false,
                        "pack_size": null,
                        "unit_name": null,
                        "unit_size": 38.0,
                        "bulk_price": "0.23",
                        "unit_price": "8.85",
                        "approx_size": false,
                        "size_format": "ud",
                        "total_units": null,
                        "unit_selector": true,
                        "bunch_selector": false,
                        "drained_weight": null,
                        "price_decreased": false,
                        "reference_price": "0.23",
                        "min_bunch_amount": 1.0,
                        "reference_format": "ud",
                        "increment_bunch_amount": 1.0
                    }
                },
                {
                    "id": "47550",
                    "limit": 1000,
                    "badges": {
                        "is_water": false,
                        "requires_age_check": false
                    },
                    "packaging": "Paquet",
                    "thumbnail": "https://prod-mercadona.imgix.net/20190521/50/47550/vlc1/47550_00_01.jpg?fit=crop&h=206&w=206",
                    "display_name": "Bolquers nadó talla 4 de 9-14 kg Dodot",
                    "bunch_selector": false,
                    "price_instructions": {
                        "iva": 21,
                        "is_new": false,
                        "is_pack": false,
                        "pack_size": null,
                        "unit_name": null,
                        "unit_size": 94.0,
                        "bulk_price": "0.21",
                        "unit_price": "19.95",
                        "approx_size": false,
                        "size_format": "ud",
                        "total_units": null,
                        "unit_selector": true,
                        "bunch_selector": false,
                        "drained_weight": null,
                        "price_decreased": false,
                        "reference_price": "0.21",
                        "min_bunch_amount": 1.0,
                        "reference_format": "ud",
                        "increment_bunch_amount": 1.0
                    }
                },
                {
                    "id": "47366",
                    "limit": 1000,
                    "badges": {
                        "is_water": false,
                        "requires_age_check": false
                    },
                    "packaging": "Paquet",
                    "thumbnail": "https://prod-mercadona.imgix.net/20190521/66/47366/vlc1/47366_00_01.jpg?fit=crop&h=206&w=206",
                    "display_name": "Calceta nit infantil Deliplus de 17-30 kg",
                    "bunch_selector": false,
                    "price_instructions": {
                        "iva": 21,
                        "is_new": false,
                        "is_pack": false,
                        "pack_size": null,
                        "unit_name": null,
                        "unit_size": 16.0,
                        "bulk_price": "0.62",
                        "unit_price": "9.90",
                        "approx_size": false,
                        "size_format": "ud",
                        "total_units": null,
                        "unit_selector": true,
                        "bunch_selector": false,
                        "drained_weight": null,
                        "price_decreased": false,
                        "reference_price": "0.62",
                        "min_bunch_amount": 1.0,
                        "reference_format": "ud",
                        "increment_bunch_amount": 1.0
                    }
                },
                {
                    "id": "47367",
                    "limit": 1000,
                    "badges": {
                        "is_water": false,
                        "requires_age_check": false
                    },
                    "packaging": "Paquet",
                    "thumbnail": "https://prod-mercadona.imgix.net/20190521/67/47367/vlc1/47367_00_01.jpg?fit=crop&h=206&w=206",
                    "display_name": "Calceta nit infantil Deliplus de 27-57 kg",
                    "bunch_selector": false,
                    "price_instructions": {
                        "iva": 21,
                        "is_new": false,
                        "is_pack": false,
                        "pack_size": null,
                        "unit_name": null,
                        "unit_size": 13.0,
                        "bulk_price": "0.76",
                        "unit_price": "9.90",
                        "approx_size": false,
                        "size_format": "ud",
                        "total_units": null,
                        "unit_selector": true,
                        "bunch_selector": false,
                        "drained_weight": null,
                        "price_decreased": false,
                        "reference_price": "0.76",
                        "min_bunch_amount": 1.0,
                        "reference_format": "ud",
                        "increment_bunch_amount": 1.0
                    }
                },
                {
                    "id": "47551",
                    "limit": 1000,
                    "badges": {
                        "is_water": false,
                        "requires_age_check": false
                    },
                    "packaging": "Paquet",
                    "thumbnail": "https://prod-mercadona.imgix.net/20190521/51/47551/vlc1/47551_00_01.jpg?fit=crop&h=206&w=206",
                    "display_name": "Bolquers nadó talla 5 de 11-16 kg Dodot",
                    "bunch_selector": false,
                    "price_instructions": {
                        "iva": 21,
                        "is_new": false,
                        "is_pack": false,
                        "pack_size": null,
                        "unit_name": null,
                        "unit_size": 88.0,
                        "bulk_price": "0.23",
                        "unit_price": "19.95",
                        "approx_size": false,
                        "size_format": "ud",
                        "total_units": null,
                        "unit_selector": true,
                        "bunch_selector": false,
                        "drained_weight": null,
                        "price_decreased": false,
                        "reference_price": "0.23",
                        "min_bunch_amount": 1.0,
                        "reference_format": "ud",
                        "increment_bunch_amount": 1.0
                    }
                },
                {
                    "id": "47454",
                    "limit": 1000,
                    "badges": {
                        "is_water": false,
                        "requires_age_check": false
                    },
                    "packaging": "Paquet",
                    "thumbnail": "https://prod-mercadona.imgix.net/20190521/54/47454/vlc1/47454_00_01.jpg?fit=crop&h=206&w=206",
                    "display_name": "Bolquers nadó talla 3 de 6-10 kg Dodot",
                    "bunch_selector": false,
                    "price_instructions": {
                        "iva": 21,
                        "is_new": false,
                        "is_pack": false,
                        "pack_size": null,
                        "unit_name": null,
                        "unit_size": 56.0,
                        "bulk_price": "0.30",
                        "unit_price": "16.95",
                        "approx_size": false,
                        "size_format": "ud",
                        "total_units": null,
                        "unit_selector": true,
                        "bunch_selector": false,
                        "drained_weight": null,
                        "price_decreased": false,
                        "reference_price": "0.30",
                        "min_bunch_amount": 1.0,
                        "reference_format": "ud",
                        "increment_bunch_amount": 1.0
                    }
                },
                {
                    "id": "47455",
                    "limit": 1000,
                    "badges": {
                        "is_water": false,
                        "requires_age_check": false
                    },
                    "packaging": "Paquet",
                    "thumbnail": "https://prod-mercadona.imgix.net/20190521/55/47455/vlc1/47455_00_01.jpg?fit=crop&h=206&w=206",
                    "display_name": "Bolquers nadó talla 4 de 9-14 kg Dodot",
                    "bunch_selector": false,
                    "price_instructions": {
                        "iva": 21,
                        "is_new": false,
                        "is_pack": false,
                        "pack_size": null,
                        "unit_name": null,
                        "unit_size": 48.0,
                        "bulk_price": "0.35",
                        "unit_price": "16.95",
                        "approx_size": false,
                        "size_format": "ud",
                        "total_units": null,
                        "unit_selector": true,
                        "bunch_selector": false,
                        "drained_weight": null,
                        "price_decreased": false,
                        "reference_price": "0.35",
                        "min_bunch_amount": 1.0,
                        "reference_format": "ud",
                        "increment_bunch_amount": 1.0
                    }
                },
                {
                    "id": "47456",
                    "limit": 1000,
                    "badges": {
                        "is_water": false,
                        "requires_age_check": false
                    },
                    "packaging": "Paquet",
                    "thumbnail": "https://prod-mercadona.imgix.net/20190521/56/47456/vlc1/47456_00_01.jpg?fit=crop&h=206&w=206",
                    "display_name": "Bolquers nadó talla 5 de 11-16 kg Dodot",
                    "bunch_selector": false,
                    "price_instructions": {
                        "iva": 21,
                        "is_new": false,
                        "is_pack": false,
                        "pack_size": null,
                        "unit_name": null,
                        "unit_size": 42.0,
                        "bulk_price": "0.40",
                        "unit_price": "16.95",
                        "approx_size": false,
                        "size_format": "ud",
                        "total_units": null,
                        "unit_selector": true,
                        "bunch_selector": false,
                        "drained_weight": null,
                        "price_decreased": false,
                        "reference_price": "0.40",
                        "min_bunch_amount": 1.0,
                        "reference_format": "ud",
                        "increment_bunch_amount": 1.0
                    }
                },
                {
                    "id": "47460",
                    "limit": 1000,
                    "badges": {
                        "is_water": false,
                        "requires_age_check": false
                    },
                    "packaging": "Paquet",
                    "thumbnail": "https://prod-mercadona.imgix.net/20190521/60/47460/vlc1/47460_00_01.jpg?fit=crop&h=206&w=206",
                    "display_name": "Bolquer nadó calcetes talla XL de 16 a 28 kg Deliplus",
                    "bunch_selector": false,
                    "price_instructions": {
                        "iva": 21,
                        "is_new": false,
                        "is_pack": false,
                        "pack_size": null,
                        "unit_name": null,
                        "unit_size": 22.0,
                        "bulk_price": "0.33",
                        "unit_price": "7.32",
                        "approx_size": false,
                        "size_format": "ud",
                        "total_units": null,
                        "unit_selector": true,
                        "bunch_selector": false,
                        "drained_weight": null,
                        "price_decreased": false,
                        "reference_price": "0.33",
                        "min_bunch_amount": 1.0,
                        "reference_format": "ud",
                        "increment_bunch_amount": 1.0
                    }
                },
                {
                    "id": "47459",
                    "limit": 1000,
                    "badges": {
                        "is_water": false,
                        "requires_age_check": false
                    },
                    "packaging": "Paquet",
                    "thumbnail": "https://prod-mercadona.imgix.net/20190521/59/47459/vlc1/47459_00_01.jpg?fit=crop&h=206&w=206",
                    "display_name": "Bolquer nadó calcetes talla L de 12 a 18 kg Deliplus",
                    "bunch_selector": false,
                    "price_instructions": {
                        "iva": 21,
                        "is_new": false,
                        "is_pack": false,
                        "pack_size": null,
                        "unit_name": null,
                        "unit_size": 24.0,
                        "bulk_price": "0.31",
                        "unit_price": "7.45",
                        "approx_size": false,
                        "size_format": "ud",
                        "total_units": null,
                        "unit_selector": true,
                        "bunch_selector": false,
                        "drained_weight": null,
                        "price_decreased": false,
                        "reference_price": "0.31",
                        "min_bunch_amount": 1.0,
                        "reference_format": "ud",
                        "increment_bunch_amount": 1.0
                    }
                },
                {
                    "id": "47266",
                    "limit": 1000,
                    "badges": {
                        "is_water": false,
                        "requires_age_check": false
                    },
                    "packaging": "Paquet",
                    "thumbnail": "https://prod-mercadona.imgix.net/20190521/66/47266/vlc1/47266_00_01.jpg?fit=crop&h=206&w=206",
                    "display_name": "Bolquers nadó talla 2 de 4-8 kg Dodot",
                    "bunch_selector": false,
                    "price_instructions": {
                        "iva": 21,
                        "is_new": false,
                        "is_pack": false,
                        "pack_size": null,
                        "unit_name": null,
                        "unit_size": 46.0,
                        "bulk_price": "0.22",
                        "unit_price": "9.95",
                        "approx_size": false,
                        "size_format": "ud",
                        "total_units": null,
                        "unit_selector": true,
                        "bunch_selector": false,
                        "drained_weight": null,
                        "price_decreased": false,
                        "reference_price": "0.22",
                        "min_bunch_amount": 1.0,
                        "reference_format": "ud",
                        "increment_bunch_amount": 1.0
                    }
                },
                {
                    "id": "47268",
                    "limit": 1000,
                    "badges": {
                        "is_water": false,
                        "requires_age_check": false
                    },
                    "packaging": "Paquet",
                    "thumbnail": "https://prod-mercadona.imgix.net/20190521/68/47268/vlc1/47268_00_01.jpg?fit=crop&h=206&w=206",
                    "display_name": "Bolquers nadó talla 3 de 6-10 kg Dodot",
                    "bunch_selector": false,
                    "price_instructions": {
                        "iva": 21,
                        "is_new": false,
                        "is_pack": false,
                        "pack_size": null,
                        "unit_name": null,
                        "unit_size": 112.0,
                        "bulk_price": "0.18",
                        "unit_price": "19.95",
                        "approx_size": false,
                        "size_format": "ud",
                        "total_units": null,
                        "unit_selector": true,
                        "bunch_selector": false,
                        "drained_weight": null,
                        "price_decreased": false,
                        "reference_price": "0.18",
                        "min_bunch_amount": 1.0,
                        "reference_format": "ud",
                        "increment_bunch_amount": 1.0
                    }
                },
                {
                    "id": "47374",
                    "limit": 1000,
                    "badges": {
                        "is_water": false,
                        "requires_age_check": false
                    },
                    "packaging": "Paquet",
                    "thumbnail": "https://prod-mercadona.imgix.net/20190521/74/47374/vlc1/47374_00_01.jpg?fit=crop&h=206&w=206",
                    "display_name": "Bolquers nadó talla 1 de 2-5 kg Dodot",
                    "bunch_selector": false,
                    "price_instructions": {
                        "iva": 21,
                        "is_new": false,
                        "is_pack": false,
                        "pack_size": null,
                        "unit_name": null,
                        "unit_size": 28.0,
                        "bulk_price": "0.21",
                        "unit_price": "5.99",
                        "approx_size": false,
                        "size_format": "ud",
                        "total_units": null,
                        "unit_selector": true,
                        "bunch_selector": false,
                        "drained_weight": null,
                        "price_decreased": false,
                        "reference_price": "0.21",
                        "min_bunch_amount": 1.0,
                        "reference_format": "ud",
                        "increment_bunch_amount": 1.0
                    }
                },
                {
                    "id": "47400",
                    "limit": 1000,
                    "badges": {
                        "is_water": false,
                        "requires_age_check": false
                    },
                    "packaging": "Paquet",
                    "thumbnail": "https://prod-mercadona.imgix.net/20190521/00/47400/vlc1/47400_00_01.jpg?fit=crop&h=206&w=206",
                    "display_name": "Bolquers nadó talla 6 de 17-28 kg Deliplus",
                    "bunch_selector": false,
                    "price_instructions": {
                        "iva": 21,
                        "is_new": false,
                        "is_pack": false,
                        "pack_size": null,
                        "unit_name": null,
                        "unit_size": 22.0,
                        "bulk_price": "0.26",
                        "unit_price": "5.65",
                        "approx_size": false,
                        "size_format": "ud",
                        "total_units": null,
                        "unit_selector": true,
                        "bunch_selector": false,
                        "drained_weight": null,
                        "price_decreased": false,
                        "reference_price": "0.26",
                        "min_bunch_amount": 1.0,
                        "reference_format": "ud",
                        "increment_bunch_amount": 1.0
                    }
                },
                {
                    "id": "47399",
                    "limit": 1000,
                    "badges": {
                        "is_water": false,
                        "requires_age_check": false
                    },
                    "packaging": "Paquet-3",
                    "thumbnail": "https://prod-mercadona.imgix.net/20190521/99/47399/vlc1/47399_00_01.jpg?fit=crop&h=206&w=206",
                    "display_name": "Bolquers nadó talla 5 de 13-18 kg Deliplus",
                    "bunch_selector": false,
                    "price_instructions": {
                        "iva": 21,
                        "is_new": false,
                        "is_pack": true,
                        "pack_size": 30.0,
                        "unit_name": "paquets",
                        "unit_size": 90.0,
                        "bulk_price": "0.17",
                        "unit_price": "15.00",
                        "approx_size": false,
                        "size_format": "ud",
                        "total_units": 3,
                        "unit_selector": true,
                        "bunch_selector": false,
                        "drained_weight": null,
                        "price_decreased": false,
                        "reference_price": "0.17",
                        "min_bunch_amount": 1.0,
                        "reference_format": "ud",
                        "increment_bunch_amount": 1.0
                    }
                },
                {
                    "id": "47007",
                    "limit": 1000,
                    "badges": {
                        "is_water": false,
                        "requires_age_check": false
                    },
                    "packaging": "Paquet",
                    "thumbnail": "https://prod-mercadona.imgix.net/20190521/07/47007/vlc1/47007_00_01.jpg?fit=crop&h=206&w=206",
                    "display_name": "Bolquers nadons prematurs talla 0 fins a 3 kg Deliplus",
                    "bunch_selector": false,
                    "price_instructions": {
                        "iva": 21,
                        "is_new": false,
                        "is_pack": false,
                        "pack_size": null,
                        "unit_name": null,
                        "unit_size": 24.0,
                        "bulk_price": "0.19",
                        "unit_price": "4.60",
                        "approx_size": false,
                        "size_format": "ud",
                        "total_units": null,
                        "unit_selector": true,
                        "bunch_selector": false,
                        "drained_weight": null,
                        "price_decreased": false,
                        "reference_price": "0.19",
                        "min_bunch_amount": 1.0,
                        "reference_format": "ud",
                        "increment_bunch_amount": 1.0
                    }
                }
            ],
            "is_extended": false
        }
    ],
    "is_extended": false
}