{
    "id": 10,
    "name": "Sucs",
    "layout": 2,
    "categories": [
        {
            "id": 99,
            "name": "Fruita variada",
            "layout": 1,
            "products": [
                {
                    "id": "10037",
                    "limit": 1000,
                    "badges": {
                        "is_water": false,
                        "requires_age_check": false
                    },
                    "packaging": "Paquet-6",
                    "thumbnail": "https://prod-mercadona.imgix.net/20190521/37/10037/vlc1/10037_00_01.jpg?fit=crop&h=206&w=206",
                    "display_name": "Fruita + llet Carib Hacendado",
                    "bunch_selector": false,
                    "price_instructions": {
                        "iva": 10,
                        "is_new": false,
                        "is_pack": true,
                        "pack_size": 0.2,
                        "unit_name": "brics petits",
                        "unit_size": 1.2,
                        "bulk_price": "0.72",
                        "unit_price": "0.87",
                        "approx_size": false,
                        "size_format": "l",
                        "total_units": 6,
                        "unit_selector": true,
                        "bunch_selector": false,
                        "drained_weight": null,
                        "price_decreased": false,
                        "reference_price": "0.72",
                        "min_bunch_amount": 1.0,
                        "reference_format": "L",
                        "increment_bunch_amount": 1.0
                    }
                },
                {
                    "id": "10061",
                    "limit": 1000,
                    "badges": {
                        "is_water": false,
                        "requires_age_check": false
                    },
                    "packaging": "Bric",
                    "thumbnail": "https://prod-mercadona.imgix.net/20190521/61/10061/vlc1/10061_00_01.jpg?fit=crop&h=206&w=206",
                    "display_name": "Fruita + llet tropical Hacendado",
                    "bunch_selector": false,
                    "price_instructions": {
                        "iva": 10,
                        "is_new": false,
                        "is_pack": false,
                        "pack_size": null,
                        "unit_name": null,
                        "unit_size": 1.0,
                        "bulk_price": "0.64",
                        "unit_price": "0.64",
                        "approx_size": false,
                        "size_format": "l",
                        "total_units": null,
                        "unit_selector": true,
                        "bunch_selector": false,
                        "drained_weight": null,
                        "price_decreased": false,
                        "reference_price": "0.64",
                        "min_bunch_amount": 1.0,
                        "reference_format": "L",
                        "increment_bunch_amount": 1.0
                    }
                },
                {
                    "id": "10076",
                    "limit": 1000,
                    "badges": {
                        "is_water": false,
                        "requires_age_check": false
                    },
                    "packaging": "Paquet-3",
                    "thumbnail": "https://prod-mercadona.imgix.net/20190521/76/10076/vlc1/10076_00_01.jpg?fit=crop&h=206&w=206",
                    "display_name": "Fruita + llet mediterrani Hacendado",
                    "bunch_selector": false,
                    "price_instructions": {
                        "iva": 10,
                        "is_new": false,
                        "is_pack": true,
                        "pack_size": 0.33,
                        "unit_name": "brics petits",
                        "unit_size": 0.99,
                        "bulk_price": "0.70",
                        "unit_price": "0.69",
                        "approx_size": false,
                        "size_format": "l",
                        "total_units": 3,
                        "unit_selector": true,
                        "bunch_selector": false,
                        "drained_weight": null,
                        "price_decreased": false,
                        "reference_price": "0.70",
                        "min_bunch_amount": 1.0,
                        "reference_format": "L",
                        "increment_bunch_amount": 1.0
                    }
                },
                {
                    "id": "10070",
                    "limit": 1000,
                    "badges": {
                        "is_water": false,
                        "requires_age_check": false
                    },
                    "packaging": "Paquet-3",
                    "thumbnail": "https://prod-mercadona.imgix.net/20190521/70/10070/vlc1/10070_00_01.jpg?fit=crop&h=206&w=206",
                    "display_name": "Fruita + llet tropical Hacendado",
                    "bunch_selector": false,
                    "price_instructions": {
                        "iva": 10,
                        "is_new": false,
                        "is_pack": true,
                        "pack_size": 0.33,
                        "unit_name": "brics petits",
                        "unit_size": 0.99,
                        "bulk_price": "0.70",
                        "unit_price": "0.69",
                        "approx_size": false,
                        "size_format": "l",
                        "total_units": 3,
                        "unit_selector": true,
                        "bunch_selector": false,
                        "drained_weight": null,
                        "price_decreased": false,
                        "reference_price": "0.70",
                        "min_bunch_amount": 1.0,
                        "reference_format": "L",
                        "increment_bunch_amount": 1.0
                    }
                },
                {
                    "id": "10088",
                    "limit": 1000,
                    "badges": {
                        "is_water": false,
                        "requires_age_check": false
                    },
                    "packaging": "Paquet-6",
                    "thumbnail": "https://prod-mercadona.imgix.net/20190521/88/10088/vlc1/10088_00_01.jpg?fit=crop&h=206&w=206",
                    "display_name": "Fruita + llet tropical Hacendado",
                    "bunch_selector": false,
                    "price_instructions": {
                        "iva": 10,
                        "is_new": false,
                        "is_pack": true,
                        "pack_size": 0.2,
                        "unit_name": "brics petits",
                        "unit_size": 1.2,
                        "bulk_price": "0.72",
                        "unit_price": "0.87",
                        "approx_size": false,
                        "size_format": "l",
                        "total_units": 6,
                        "unit_selector": true,
                        "bunch_selector": false,
                        "drained_weight": null,
                        "price_decreased": false,
                        "reference_price": "0.72",
                        "min_bunch_amount": 1.0,
                        "reference_format": "L",
                        "increment_bunch_amount": 1.0
                    }
                },
                {
                    "id": "10126",
                    "limit": 1000,
                    "badges": {
                        "is_water": false,
                        "requires_age_check": false
                    },
                    "packaging": "Paquet-6",
                    "thumbnail": "https://prod-mercadona.imgix.net/20190521/26/10126/vlc1/10126_00_01.jpg?fit=crop&h=206&w=206",
                    "display_name": "Fruita + llet tropical Bifrutas",
                    "bunch_selector": false,
                    "price_instructions": {
                        "iva": 10,
                        "is_new": false,
                        "is_pack": true,
                        "pack_size": 0.2,
                        "unit_name": "brics petits",
                        "unit_size": 1.2,
                        "bulk_price": "1.59",
                        "unit_price": "1.91",
                        "approx_size": false,
                        "size_format": "l",
                        "total_units": 6,
                        "unit_selector": true,
                        "bunch_selector": false,
                        "drained_weight": null,
                        "price_decreased": false,
                        "reference_price": "1.59",
                        "min_bunch_amount": 1.0,
                        "reference_format": "L",
                        "increment_bunch_amount": 1.0
                    }
                },
                {
                    "id": "39109",
                    "limit": 1000,
                    "badges": {
                        "is_water": false,
                        "requires_age_check": false
                    },
                    "packaging": "Bric",
                    "thumbnail": "https://prod-mercadona.imgix.net/20190521/09/39109/vlc1/39109_00_01.jpg?fit=crop&h=206&w=206",
                    "display_name": "Beguda Bahamas Hacendado",
                    "bunch_selector": false,
                    "price_instructions": {
                        "iva": 10,
                        "is_new": false,
                        "is_pack": false,
                        "pack_size": null,
                        "unit_name": null,
                        "unit_size": 2.0,
                        "bulk_price": "0.50",
                        "unit_price": "1.00",
                        "approx_size": false,
                        "size_format": "l",
                        "total_units": null,
                        "unit_selector": true,
                        "bunch_selector": false,
                        "drained_weight": null,
                        "price_decreased": false,
                        "reference_price": "0.50",
                        "min_bunch_amount": 0.0,
                        "reference_format": "L",
                        "increment_bunch_amount": 0.0
                    }
                },
                {
                    "id": "39224",
                    "limit": 1000,
                    "badges": {
                        "is_water": false,
                        "requires_age_check": false
                    },
                    "packaging": "Paquet-6",
                    "thumbnail": "https://prod-mercadona.imgix.net/20190521/24/39224/vlc1/39224_00_01.jpg?fit=crop&h=206&w=206",
                    "display_name": "Nèctar 5 fruites Hacendado sense sucres afegits",
                    "bunch_selector": false,
                    "price_instructions": {
                        "iva": 10,
                        "is_new": false,
                        "is_pack": true,
                        "pack_size": 0.2,
                        "unit_name": "brics petits",
                        "unit_size": 1.2,
                        "bulk_price": "1.04",
                        "unit_price": "1.25",
                        "approx_size": false,
                        "size_format": "l",
                        "total_units": 6,
                        "unit_selector": true,
                        "bunch_selector": false,
                        "drained_weight": null,
                        "price_decreased": false,
                        "reference_price": "1.04",
                        "min_bunch_amount": 1.0,
                        "reference_format": "L",
                        "increment_bunch_amount": 1.0
                    }
                },
                {
                    "id": "39606",
                    "limit": 1000,
                    "badges": {
                        "is_water": false,
                        "requires_age_check": false
                    },
                    "packaging": "Bric",
                    "thumbnail": "https://prod-mercadona.imgix.net/20190521/06/39606/vlc1/39606_00_01.jpg?fit=crop&h=206&w=206",
                    "display_name": "Nèctar tropical Hacendado sense sucres afegits",
                    "bunch_selector": false,
                    "price_instructions": {
                        "iva": 10,
                        "is_new": false,
                        "is_pack": false,
                        "pack_size": null,
                        "unit_name": null,
                        "unit_size": 1.0,
                        "bulk_price": "0.57",
                        "unit_price": "0.57",
                        "approx_size": false,
                        "size_format": "l",
                        "total_units": null,
                        "unit_selector": true,
                        "bunch_selector": false,
                        "drained_weight": null,
                        "price_decreased": false,
                        "reference_price": "0.57",
                        "min_bunch_amount": 1.0,
                        "reference_format": "L",
                        "increment_bunch_amount": 1.0
                    }
                },
                {
                    "id": "39640",
                    "limit": 1000,
                    "badges": {
                        "is_water": false,
                        "requires_age_check": false
                    },
                    "packaging": "Bric",
                    "thumbnail": "https://prod-mercadona.imgix.net/20190521/40/39640/vlc1/39640_00_01.jpg?fit=crop&h=206&w=206",
                    "display_name": "Beguda de fruites vermelles antioxidant Hacendado sense sucres afegits",
                    "bunch_selector": false,
                    "price_instructions": {
                        "iva": 10,
                        "is_new": false,
                        "is_pack": false,
                        "pack_size": null,
                        "unit_name": null,
                        "unit_size": 1.0,
                        "bulk_price": "1.45",
                        "unit_price": "1.45",
                        "approx_size": false,
                        "size_format": "l",
                        "total_units": null,
                        "unit_selector": true,
                        "bunch_selector": false,
                        "drained_weight": null,
                        "price_decreased": false,
                        "reference_price": "1.45",
                        "min_bunch_amount": 1.0,
                        "reference_format": "L",
                        "increment_bunch_amount": 1.0
                    }
                },
                {
                    "id": "39653",
                    "limit": 1000,
                    "badges": {
                        "is_water": false,
                        "requires_age_check": false
                    },
                    "packaging": "Bric",
                    "thumbnail": "https://prod-mercadona.imgix.net/20190521/53/39653/vlc1/39653_00_01.jpg?fit=crop&h=206&w=206",
                    "display_name": "Suc tropical Hacendado",
                    "bunch_selector": false,
                    "price_instructions": {
                        "iva": 10,
                        "is_new": false,
                        "is_pack": false,
                        "pack_size": null,
                        "unit_name": null,
                        "unit_size": 1.0,
                        "bulk_price": "0.90",
                        "unit_price": "0.90",
                        "approx_size": false,
                        "size_format": "l",
                        "total_units": null,
                        "unit_selector": true,
                        "bunch_selector": false,
                        "drained_weight": null,
                        "price_decreased": false,
                        "reference_price": "0.90",
                        "min_bunch_amount": 1.0,
                        "reference_format": "L",
                        "increment_bunch_amount": 1.0
                    }
                },
                {
                    "id": "39651",
                    "limit": 1000,
                    "badges": {
                        "is_water": false,
                        "requires_age_check": false
                    },
                    "packaging": "Bric",
                    "thumbnail": "https://prod-mercadona.imgix.net/20190521/51/39651/vlc1/39651_00_01.jpg?fit=crop&h=206&w=206",
                    "display_name": "Nèctar multivitamines Hacendado sense sucres afegits",
                    "bunch_selector": false,
                    "price_instructions": {
                        "iva": 10,
                        "is_new": false,
                        "is_pack": false,
                        "pack_size": null,
                        "unit_name": null,
                        "unit_size": 1.0,
                        "bulk_price": "0.85",
                        "unit_price": "0.85",
                        "approx_size": false,
                        "size_format": "l",
                        "total_units": null,
                        "unit_selector": true,
                        "bunch_selector": false,
                        "drained_weight": null,
                        "price_decreased": false,
                        "reference_price": "0.85",
                        "min_bunch_amount": 1.0,
                        "reference_format": "L",
                        "increment_bunch_amount": 1.0
                    }
                },
                {
                    "id": "39650",
                    "limit": 1000,
                    "badges": {
                        "is_water": false,
                        "requires_age_check": false
                    },
                    "packaging": "Ampolla",
                    "thumbnail": "https://prod-mercadona.imgix.net/20190521/50/39650/vlc1/39650_00_02.jpg?fit=crop&h=206&w=206",
                    "display_name": "Beguda de taronja, mango i pastanaga La Verja sense sucres afegits",
                    "bunch_selector": false,
                    "price_instructions": {
                        "iva": 10,
                        "is_new": false,
                        "is_pack": false,
                        "pack_size": null,
                        "unit_name": null,
                        "unit_size": 1.5,
                        "bulk_price": "0.67",
                        "unit_price": "1.00",
                        "approx_size": false,
                        "size_format": "l",
                        "total_units": null,
                        "unit_selector": true,
                        "bunch_selector": false,
                        "drained_weight": null,
                        "price_decreased": false,
                        "reference_price": "0.67",
                        "min_bunch_amount": 1.0,
                        "reference_format": "L",
                        "increment_bunch_amount": 1.0
                    }
                },
                {
                    "id": "39648",
                    "limit": 1000,
                    "badges": {
                        "is_water": false,
                        "requires_age_check": false
                    },
                    "packaging": "Ampolla",
                    "thumbnail": "https://prod-mercadona.imgix.net/20190521/48/39648/vlc1/39648_00_02.jpg?fit=crop&h=206&w=206",
                    "display_name": "Beguda de magrana i raïm La Verja sense sucres afegits",
                    "bunch_selector": false,
                    "price_instructions": {
                        "iva": 10,
                        "is_new": false,
                        "is_pack": false,
                        "pack_size": null,
                        "unit_name": null,
                        "unit_size": 1.5,
                        "bulk_price": "0.67",
                        "unit_price": "1.00",
                        "approx_size": false,
                        "size_format": "l",
                        "total_units": null,
                        "unit_selector": true,
                        "bunch_selector": false,
                        "drained_weight": null,
                        "price_decreased": false,
                        "reference_price": "0.67",
                        "min_bunch_amount": 1.0,
                        "reference_format": "L",
                        "increment_bunch_amount": 1.0
                    }
                },
                {
                    "id": "39627",
                    "limit": 1000,
                    "badges": {
                        "is_water": false,
                        "requires_age_check": false
                    },
                    "packaging": "Bric",
                    "thumbnail": "https://prod-mercadona.imgix.net/20190521/27/39627/vlc1/39627_00_01.jpg?fit=crop&h=206&w=206",
                    "display_name": "Beguda de nabius i fruites vermelles Hacendado sense sucres afegits",
                    "bunch_selector": false,
                    "price_instructions": {
                        "iva": 10,
                        "is_new": false,
                        "is_pack": false,
                        "pack_size": null,
                        "unit_name": null,
                        "unit_size": 1.0,
                        "bulk_price": "1.40",
                        "unit_price": "1.40",
                        "approx_size": false,
                        "size_format": "l",
                        "total_units": null,
                        "unit_selector": true,
                        "bunch_selector": false,
                        "drained_weight": null,
                        "price_decreased": false,
                        "reference_price": "1.40",
                        "min_bunch_amount": 1.0,
                        "reference_format": "L",
                        "increment_bunch_amount": 1.0
                    }
                },
                {
                    "id": "39625",
                    "limit": 1000,
                    "badges": {
                        "is_water": false,
                        "requires_age_check": false
                    },
                    "packaging": "Paquet-6",
                    "thumbnail": "https://prod-mercadona.imgix.net/20190521/25/39625/vlc1/39625_00_01.jpg?fit=crop&h=206&w=206",
                    "display_name": "Suc tropical Hacendado",
                    "bunch_selector": false,
                    "price_instructions": {
                        "iva": 10,
                        "is_new": false,
                        "is_pack": true,
                        "pack_size": 0.2,
                        "unit_name": "brics petits",
                        "unit_size": 1.2,
                        "bulk_price": "1.08",
                        "unit_price": "1.30",
                        "approx_size": false,
                        "size_format": "l",
                        "total_units": 6,
                        "unit_selector": true,
                        "bunch_selector": false,
                        "drained_weight": null,
                        "price_decreased": false,
                        "reference_price": "1.08",
                        "min_bunch_amount": 1.0,
                        "reference_format": "L",
                        "increment_bunch_amount": 1.0
                    }
                },
                {
                    "id": "39988",
                    "limit": 1000,
                    "badges": {
                        "is_water": false,
                        "requires_age_check": false
                    },
                    "packaging": "Ampolla",
                    "thumbnail": "https://prod-mercadona.imgix.net/20190521/88/39988/vlc1/39988_00_02.jpg?fit=crop&h=206&w=206",
                    "display_name": "Suc fresh maracujà i xia Hacendado",
                    "bunch_selector": false,
                    "price_instructions": {
                        "iva": 10,
                        "is_new": false,
                        "is_pack": false,
                        "pack_size": null,
                        "unit_name": null,
                        "unit_size": 0.75,
                        "bulk_price": "3.67",
                        "unit_price": "2.75",
                        "approx_size": false,
                        "size_format": "l",
                        "total_units": null,
                        "unit_selector": true,
                        "bunch_selector": false,
                        "drained_weight": null,
                        "price_decreased": false,
                        "reference_price": "3.67",
                        "min_bunch_amount": 1.0,
                        "reference_format": "L",
                        "increment_bunch_amount": 1.0
                    }
                },
                {
                    "id": "10362",
                    "limit": 1000,
                    "badges": {
                        "is_water": false,
                        "requires_age_check": false
                    },
                    "packaging": "Paquet-3",
                    "thumbnail": "https://prod-mercadona.imgix.net/20190521/62/10362/vlc1/10362_00_01.jpg?fit=crop&h=206&w=206",
                    "display_name": "Fruita + llet tropical Bifrutas",
                    "bunch_selector": false,
                    "price_instructions": {
                        "iva": 10,
                        "is_new": false,
                        "is_pack": true,
                        "pack_size": 0.33,
                        "unit_name": "brics petits",
                        "unit_size": 0.99,
                        "bulk_price": "1.81",
                        "unit_price": "1.79",
                        "approx_size": false,
                        "size_format": "l",
                        "total_units": 3,
                        "unit_selector": true,
                        "bunch_selector": false,
                        "drained_weight": null,
                        "price_decreased": false,
                        "reference_price": "1.81",
                        "min_bunch_amount": 1.0,
                        "reference_format": "L",
                        "increment_bunch_amount": 1.0
                    }
                },
                {
                    "id": "39987",
                    "limit": 1000,
                    "badges": {
                        "is_water": false,
                        "requires_age_check": false
                    },
                    "packaging": "Ampolla",
                    "thumbnail": "https://prod-mercadona.imgix.net/20190521/87/39987/vlc1/39987_00_02.jpg?fit=crop&h=206&w=206",
                    "display_name": "Suc fresh maracujà i xia Hacendado",
                    "bunch_selector": false,
                    "price_instructions": {
                        "iva": 10,
                        "is_new": false,
                        "is_pack": false,
                        "pack_size": null,
                        "unit_name": null,
                        "unit_size": 0.25,
                        "bulk_price": "6.40",
                        "unit_price": "1.60",
                        "approx_size": false,
                        "size_format": "l",
                        "total_units": null,
                        "unit_selector": true,
                        "bunch_selector": false,
                        "drained_weight": null,
                        "price_decreased": false,
                        "reference_price": "6.40",
                        "min_bunch_amount": 1.0,
                        "reference_format": "L",
                        "increment_bunch_amount": 1.0
                    }
                },
                {
                    "id": "39975",
                    "limit": 1000,
                    "badges": {
                        "is_water": false,
                        "requires_age_check": false
                    },
                    "packaging": "Ampolla",
                    "thumbnail": "https://prod-mercadona.imgix.net/20190521/75/39975/vlc1/39975_00_02.jpg?fit=crop&h=206&w=206",
                    "display_name": "Suc fresh gingebre i poma Hacendado",
                    "bunch_selector": false,
                    "price_instructions": {
                        "iva": 10,
                        "is_new": false,
                        "is_pack": false,
                        "pack_size": null,
                        "unit_name": null,
                        "unit_size": 0.25,
                        "bulk_price": "6.40",
                        "unit_price": "1.60",
                        "approx_size": false,
                        "size_format": "l",
                        "total_units": null,
                        "unit_selector": true,
                        "bunch_selector": false,
                        "drained_weight": null,
                        "price_decreased": false,
                        "reference_price": "6.40",
                        "min_bunch_amount": 1.0,
                        "reference_format": "L",
                        "increment_bunch_amount": 1.0
                    }
                },
                {
                    "id": "39985",
                    "limit": 1000,
                    "badges": {
                        "is_water": false,
                        "requires_age_check": false
                    },
                    "packaging": "Ampolla",
                    "thumbnail": "https://prod-mercadona.imgix.net/20190521/85/39985/vlc1/39985_00_02.jpg?fit=crop&h=206&w=206",
                    "display_name": "Suc fresh maduixa i pinya Hacendado",
                    "bunch_selector": false,
                    "price_instructions": {
                        "iva": 10,
                        "is_new": false,
                        "is_pack": false,
                        "pack_size": null,
                        "unit_name": null,
                        "unit_size": 0.75,
                        "bulk_price": "3.67",
                        "unit_price": "2.75",
                        "approx_size": false,
                        "size_format": "l",
                        "total_units": null,
                        "unit_selector": true,
                        "bunch_selector": false,
                        "drained_weight": null,
                        "price_decreased": false,
                        "reference_price": "3.67",
                        "min_bunch_amount": 1.0,
                        "reference_format": "L",
                        "increment_bunch_amount": 0.25
                    }
                },
                {
                    "id": "39978",
                    "limit": 1000,
                    "badges": {
                        "is_water": false,
                        "requires_age_check": false
                    },
                    "packaging": "Ampolla",
                    "thumbnail": "https://prod-mercadona.imgix.net/20190521/78/39978/vlc1/39978_00_02.jpg?fit=crop&h=206&w=206",
                    "display_name": "Smoothie kiwi i menta Hacendado",
                    "bunch_selector": false,
                    "price_instructions": {
                        "iva": 10,
                        "is_new": false,
                        "is_pack": false,
                        "pack_size": null,
                        "unit_name": null,
                        "unit_size": 0.25,
                        "bulk_price": "6.40",
                        "unit_price": "1.60",
                        "approx_size": false,
                        "size_format": "l",
                        "total_units": null,
                        "unit_selector": true,
                        "bunch_selector": false,
                        "drained_weight": null,
                        "price_decreased": false,
                        "reference_price": "6.40",
                        "min_bunch_amount": 1.0,
                        "reference_format": "L",
                        "increment_bunch_amount": 1.0
                    }
                },
                {
                    "id": "39979",
                    "limit": 1000,
                    "badges": {
                        "is_water": false,
                        "requires_age_check": false
                    },
                    "packaging": "Ampolla",
                    "thumbnail": "https://prod-mercadona.imgix.net/20190521/79/39979/vlc1/39979_00_02.jpg?fit=crop&h=206&w=206",
                    "display_name": "Smoothie mango i coco Hacendado",
                    "bunch_selector": false,
                    "price_instructions": {
                        "iva": 10,
                        "is_new": false,
                        "is_pack": false,
                        "pack_size": null,
                        "unit_name": null,
                        "unit_size": 0.25,
                        "bulk_price": "6.40",
                        "unit_price": "1.60",
                        "approx_size": false,
                        "size_format": "l",
                        "total_units": null,
                        "unit_selector": true,
                        "bunch_selector": false,
                        "drained_weight": null,
                        "price_decreased": false,
                        "reference_price": "6.40",
                        "min_bunch_amount": 1.0,
                        "reference_format": "L",
                        "increment_bunch_amount": 1.0
                    }
                },
                {
                    "id": "39981",
                    "limit": 1000,
                    "badges": {
                        "is_water": false,
                        "requires_age_check": false
                    },
                    "packaging": "Ampolla",
                    "thumbnail": "https://prod-mercadona.imgix.net/20190521/81/39981/vlc1/39981_00_02.jpg?fit=crop&h=206&w=206",
                    "display_name": "Smoothie maduixa Hacendado",
                    "bunch_selector": false,
                    "price_instructions": {
                        "iva": 10,
                        "is_new": false,
                        "is_pack": false,
                        "pack_size": null,
                        "unit_name": null,
                        "unit_size": 0.5,
                        "bulk_price": "4.40",
                        "unit_price": "2.20",
                        "approx_size": false,
                        "size_format": "l",
                        "total_units": null,
                        "unit_selector": true,
                        "bunch_selector": false,
                        "drained_weight": null,
                        "price_decreased": false,
                        "reference_price": "4.40",
                        "min_bunch_amount": 1.0,
                        "reference_format": "L",
                        "increment_bunch_amount": 1.0
                    }
                },
                {
                    "id": "39980",
                    "limit": 1000,
                    "badges": {
                        "is_water": false,
                        "requires_age_check": false
                    },
                    "packaging": "Ampolla",
                    "thumbnail": "https://prod-mercadona.imgix.net/20190521/80/39980/vlc1/39980_00_02.jpg?fit=crop&h=206&w=206",
                    "display_name": "Smoothie maduixa Hacendado",
                    "bunch_selector": false,
                    "price_instructions": {
                        "iva": 10,
                        "is_new": false,
                        "is_pack": false,
                        "pack_size": null,
                        "unit_name": null,
                        "unit_size": 0.25,
                        "bulk_price": "6.40",
                        "unit_price": "1.60",
                        "approx_size": false,
                        "size_format": "l",
                        "total_units": null,
                        "unit_selector": true,
                        "bunch_selector": false,
                        "drained_weight": null,
                        "price_decreased": false,
                        "reference_price": "6.40",
                        "min_bunch_amount": 1.0,
                        "reference_format": "L",
                        "increment_bunch_amount": 1.0
                    }
                },
                {
                    "id": "39972",
                    "limit": 1000,
                    "badges": {
                        "is_water": false,
                        "requires_age_check": false
                    },
                    "packaging": "Ampolla",
                    "thumbnail": "https://prod-mercadona.imgix.net/20190521/72/39972/vlc1/39972_00_02.jpg?fit=crop&h=206&w=206",
                    "display_name": "Shot detox carbó Hacendado",
                    "bunch_selector": false,
                    "price_instructions": {
                        "iva": 10,
                        "is_new": false,
                        "is_pack": false,
                        "pack_size": null,
                        "unit_name": null,
                        "unit_size": 0.06,
                        "bulk_price": "22.50",
                        "unit_price": "1.35",
                        "approx_size": false,
                        "size_format": "l",
                        "total_units": null,
                        "unit_selector": true,
                        "bunch_selector": false,
                        "drained_weight": null,
                        "price_decreased": false,
                        "reference_price": "22.50",
                        "min_bunch_amount": 1.0,
                        "reference_format": "L",
                        "increment_bunch_amount": 1.0
                    }
                },
                {
                    "id": "39983",
                    "limit": 1000,
                    "badges": {
                        "is_water": false,
                        "requires_age_check": false
                    },
                    "packaging": "Ampolla",
                    "thumbnail": "https://prod-mercadona.imgix.net/20190521/83/39983/vlc1/39983_00_02.jpg?fit=crop&h=206&w=206",
                    "display_name": "Smoothie dragon fruit Hacendado",
                    "bunch_selector": false,
                    "price_instructions": {
                        "iva": 10,
                        "is_new": false,
                        "is_pack": false,
                        "pack_size": null,
                        "unit_name": null,
                        "unit_size": 0.25,
                        "bulk_price": "6.40",
                        "unit_price": "1.60",
                        "approx_size": false,
                        "size_format": "l",
                        "total_units": null,
                        "unit_selector": true,
                        "bunch_selector": false,
                        "drained_weight": null,
                        "price_decreased": false,
                        "reference_price": "6.40",
                        "min_bunch_amount": 1.0,
                        "reference_format": "L",
                        "increment_bunch_amount": 1.0
                    }
                },
                {
                    "id": "39973",
                    "limit": 1000,
                    "badges": {
                        "is_water": false,
                        "requires_age_check": false
                    },
                    "packaging": "Ampolla",
                    "thumbnail": "https://prod-mercadona.imgix.net/20190521/73/39973/vlc1/39973_00_02.jpg?fit=crop&h=206&w=206",
                    "display_name": "Shot active ginger Hacendado",
                    "bunch_selector": false,
                    "price_instructions": {
                        "iva": 10,
                        "is_new": false,
                        "is_pack": false,
                        "pack_size": null,
                        "unit_name": null,
                        "unit_size": 0.06,
                        "bulk_price": "22.50",
                        "unit_price": "1.35",
                        "approx_size": false,
                        "size_format": "l",
                        "total_units": null,
                        "unit_selector": true,
                        "bunch_selector": false,
                        "drained_weight": null,
                        "price_decreased": false,
                        "reference_price": "22.50",
                        "min_bunch_amount": 1.0,
                        "reference_format": "L",
                        "increment_bunch_amount": 1.0
                    }
                },
                {
                    "id": "10023",
                    "limit": 1000,
                    "badges": {
                        "is_water": false,
                        "requires_age_check": false
                    },
                    "packaging": "Paquet-6",
                    "thumbnail": "https://prod-mercadona.imgix.net/20190521/23/10023/vlc1/10023_00_01.jpg?fit=crop&h=206&w=206",
                    "display_name": "Fruita + llet Mediterrani Hacendado",
                    "bunch_selector": false,
                    "price_instructions": {
                        "iva": 10,
                        "is_new": false,
                        "is_pack": true,
                        "pack_size": 0.2,
                        "unit_name": "brics petits",
                        "unit_size": 1.2,
                        "bulk_price": "0.72",
                        "unit_price": "0.87",
                        "approx_size": false,
                        "size_format": "l",
                        "total_units": 6,
                        "unit_selector": true,
                        "bunch_selector": false,
                        "drained_weight": null,
                        "price_decreased": false,
                        "reference_price": "0.72",
                        "min_bunch_amount": 1.0,
                        "reference_format": "L",
                        "increment_bunch_amount": 1.0
                    }
                },
                {
                    "id": "10106",
                    "limit": 1000,
                    "badges": {
                        "is_water": false,
                        "requires_age_check": false
                    },
                    "packaging": "Paquet-6",
                    "thumbnail": "https://prod-mercadona.imgix.net/20190521/06/10106/vlc1/10106_00_01.jpg?fit=crop&h=206&w=206",
                    "display_name": "Fruita + llet Carib Don Simón zero matèria grassa",
                    "bunch_selector": false,
                    "price_instructions": {
                        "iva": 10,
                        "is_new": false,
                        "is_pack": true,
                        "pack_size": 0.2,
                        "unit_name": "brics petits",
                        "unit_size": 1.2,
                        "bulk_price": "1.00",
                        "unit_price": "1.20",
                        "approx_size": false,
                        "size_format": "l",
                        "total_units": 6,
                        "unit_selector": true,
                        "bunch_selector": false,
                        "drained_weight": null,
                        "price_decreased": false,
                        "reference_price": "1.00",
                        "min_bunch_amount": 1.0,
                        "reference_format": "L",
                        "increment_bunch_amount": 1.0
                    }
                },
                {
                    "id": "10193",
                    "limit": 1000,
                    "badges": {
                        "is_water": false,
                        "requires_age_check": false
                    },
                    "packaging": "Paquet-3",
                    "thumbnail": "https://prod-mercadona.imgix.net/20190521/93/10193/vlc1/10193_00_01.jpg?fit=crop&h=206&w=206",
                    "display_name": "Fruita + llet meló síndria Hacendado",
                    "bunch_selector": false,
                    "price_instructions": {
                        "iva": 10,
                        "is_new": false,
                        "is_pack": true,
                        "pack_size": 0.33,
                        "unit_name": "brics petits",
                        "unit_size": 0.99,
                        "bulk_price": "1.16",
                        "unit_price": "1.15",
                        "approx_size": false,
                        "size_format": "l",
                        "total_units": 3,
                        "unit_selector": true,
                        "bunch_selector": false,
                        "drained_weight": null,
                        "price_decreased": false,
                        "reference_price": "1.16",
                        "min_bunch_amount": 1.0,
                        "reference_format": "L",
                        "increment_bunch_amount": 1.0
                    }
                },
                {
                    "id": "10094",
                    "limit": 1000,
                    "badges": {
                        "is_water": false,
                        "requires_age_check": false
                    },
                    "packaging": "Bric",
                    "thumbnail": "https://prod-mercadona.imgix.net/20190521/94/10094/vlc1/10094_00_01.jpg?fit=crop&h=206&w=206",
                    "display_name": "Fruita + llet mediterrani Hacendado",
                    "bunch_selector": false,
                    "price_instructions": {
                        "iva": 10,
                        "is_new": false,
                        "is_pack": false,
                        "pack_size": null,
                        "unit_name": null,
                        "unit_size": 1.0,
                        "bulk_price": "0.64",
                        "unit_price": "0.64",
                        "approx_size": false,
                        "size_format": "l",
                        "total_units": null,
                        "unit_selector": true,
                        "bunch_selector": false,
                        "drained_weight": null,
                        "price_decreased": false,
                        "reference_price": "0.64",
                        "min_bunch_amount": 1.0,
                        "reference_format": "L",
                        "increment_bunch_amount": 1.0
                    }
                },
                {
                    "id": "10196",
                    "limit": 1000,
                    "badges": {
                        "is_water": false,
                        "requires_age_check": false
                    },
                    "packaging": "Bric",
                    "thumbnail": "https://prod-mercadona.imgix.net/20190521/96/10196/vlc1/10196_00_01.jpg?fit=crop&h=206&w=206",
                    "display_name": "Fruita + llet meló síndria Hacendado",
                    "bunch_selector": false,
                    "price_instructions": {
                        "iva": 10,
                        "is_new": false,
                        "is_pack": false,
                        "pack_size": null,
                        "unit_name": null,
                        "unit_size": 1.0,
                        "bulk_price": "1.05",
                        "unit_price": "1.05",
                        "approx_size": false,
                        "size_format": "l",
                        "total_units": null,
                        "unit_selector": true,
                        "bunch_selector": false,
                        "drained_weight": null,
                        "price_decreased": false,
                        "reference_price": "1.05",
                        "min_bunch_amount": 1.0,
                        "reference_format": "L",
                        "increment_bunch_amount": 1.0
                    }
                },
                {
                    "id": "10074",
                    "limit": 1000,
                    "badges": {
                        "is_water": false,
                        "requires_age_check": false
                    },
                    "packaging": "Paquet-3",
                    "thumbnail": "https://prod-mercadona.imgix.net/20190521/74/10074/vlc1/10074_00_01.jpg?fit=crop&h=206&w=206",
                    "display_name": "Fruita + llet préssec albercoc Hacendado",
                    "bunch_selector": false,
                    "price_instructions": {
                        "iva": 10,
                        "is_new": false,
                        "is_pack": true,
                        "pack_size": 0.33,
                        "unit_name": "brics petits",
                        "unit_size": 0.99,
                        "bulk_price": "0.86",
                        "unit_price": "0.85",
                        "approx_size": false,
                        "size_format": "l",
                        "total_units": 3,
                        "unit_selector": true,
                        "bunch_selector": false,
                        "drained_weight": null,
                        "price_decreased": false,
                        "reference_price": "0.86",
                        "min_bunch_amount": 1.0,
                        "reference_format": "L",
                        "increment_bunch_amount": 1.0
                    }
                },
                {
                    "id": "10075",
                    "limit": 1000,
                    "badges": {
                        "is_water": false,
                        "requires_age_check": false
                    },
                    "packaging": "Paquet-3",
                    "thumbnail": "https://prod-mercadona.imgix.net/20190521/75/10075/vlc1/10075_00_01.jpg?fit=crop&h=206&w=206",
                    "display_name": "Fruita + llet taronja mango Hacendado",
                    "bunch_selector": false,
                    "price_instructions": {
                        "iva": 10,
                        "is_new": false,
                        "is_pack": true,
                        "pack_size": 0.33,
                        "unit_name": "brics petits",
                        "unit_size": 0.99,
                        "bulk_price": "1.11",
                        "unit_price": "1.10",
                        "approx_size": false,
                        "size_format": "l",
                        "total_units": 3,
                        "unit_selector": true,
                        "bunch_selector": false,
                        "drained_weight": null,
                        "price_decreased": false,
                        "reference_price": "1.11",
                        "min_bunch_amount": 1.0,
                        "reference_format": "L",
                        "increment_bunch_amount": 1.0
                    }
                }
            ],
            "is_extended": false
        },
        {
            "id": 100,
            "name": "Préssec i pinya",
            "layout": 1,
            "products": [
                {
                    "id": "39119",
                    "limit": 1000,
                    "badges": {
                        "is_water": false,
                        "requires_age_check": false
                    },
                    "packaging": "Bric",
                    "thumbnail": "https://prod-mercadona.imgix.net/20190521/19/39119/vlc1/39119_00_01.jpg?fit=crop&h=206&w=206",
                    "display_name": "Nèctar de pinya Hacendado sense sucres afegits",
                    "bunch_selector": false,
                    "price_instructions": {
                        "iva": 10,
                        "is_new": false,
                        "is_pack": false,
                        "pack_size": null,
                        "unit_name": null,
                        "unit_size": 1.0,
                        "bulk_price": "0.59",
                        "unit_price": "0.59",
                        "approx_size": false,
                        "size_format": "l",
                        "total_units": null,
                        "unit_selector": true,
                        "bunch_selector": false,
                        "drained_weight": null,
                        "price_decreased": false,
                        "reference_price": "0.59",
                        "min_bunch_amount": 1.0,
                        "reference_format": "L",
                        "increment_bunch_amount": 1.0
                    }
                },
                {
                    "id": "39129",
                    "limit": 1000,
                    "badges": {
                        "is_water": false,
                        "requires_age_check": false
                    },
                    "packaging": "Bric",
                    "thumbnail": "https://prod-mercadona.imgix.net/20190521/29/39129/vlc1/39129_00_01.jpg?fit=crop&h=206&w=206",
                    "display_name": "Suc de pinya i raïm Hacendado",
                    "bunch_selector": false,
                    "price_instructions": {
                        "iva": 10,
                        "is_new": false,
                        "is_pack": false,
                        "pack_size": null,
                        "unit_name": null,
                        "unit_size": 1.0,
                        "bulk_price": "0.58",
                        "unit_price": "0.58",
                        "approx_size": false,
                        "size_format": "l",
                        "total_units": null,
                        "unit_selector": true,
                        "bunch_selector": false,
                        "drained_weight": null,
                        "price_decreased": false,
                        "reference_price": "0.58",
                        "min_bunch_amount": 0.0,
                        "reference_format": "L",
                        "increment_bunch_amount": 0.0
                    }
                },
                {
                    "id": "39649",
                    "limit": 1000,
                    "badges": {
                        "is_water": false,
                        "requires_age_check": false
                    },
                    "packaging": "Ampolla",
                    "thumbnail": "https://prod-mercadona.imgix.net/20190521/49/39649/vlc1/39649_00_02.jpg?fit=crop&h=206&w=206",
                    "display_name": "Beguda de pinya i coco La Verja",
                    "bunch_selector": false,
                    "price_instructions": {
                        "iva": 10,
                        "is_new": false,
                        "is_pack": false,
                        "pack_size": null,
                        "unit_name": null,
                        "unit_size": 1.5,
                        "bulk_price": "0.75",
                        "unit_price": "1.12",
                        "approx_size": false,
                        "size_format": "l",
                        "total_units": null,
                        "unit_selector": true,
                        "bunch_selector": false,
                        "drained_weight": null,
                        "price_decreased": false,
                        "reference_price": "0.75",
                        "min_bunch_amount": 1.0,
                        "reference_format": "L",
                        "increment_bunch_amount": 1.0
                    }
                },
                {
                    "id": "39204",
                    "limit": 1000,
                    "badges": {
                        "is_water": false,
                        "requires_age_check": false
                    },
                    "packaging": "Paquet-6",
                    "thumbnail": "https://prod-mercadona.imgix.net/20190521/04/39204/vlc1/39204_00_01.jpg?fit=crop&h=206&w=206",
                    "display_name": "Nèctar de préssec La Verja",
                    "bunch_selector": false,
                    "price_instructions": {
                        "iva": 10,
                        "is_new": false,
                        "is_pack": true,
                        "pack_size": 0.2,
                        "unit_name": "brics petits",
                        "unit_size": 1.2,
                        "bulk_price": "1.04",
                        "unit_price": "1.25",
                        "approx_size": false,
                        "size_format": "l",
                        "total_units": 6,
                        "unit_selector": true,
                        "bunch_selector": false,
                        "drained_weight": null,
                        "price_decreased": false,
                        "reference_price": "1.04",
                        "min_bunch_amount": 0.0,
                        "reference_format": "L",
                        "increment_bunch_amount": 0.0
                    }
                },
                {
                    "id": "39216",
                    "limit": 1000,
                    "badges": {
                        "is_water": false,
                        "requires_age_check": false
                    },
                    "packaging": "Paquet-6",
                    "thumbnail": "https://prod-mercadona.imgix.net/20190521/16/39216/vlc1/39216_00_01.jpg?fit=crop&h=206&w=206",
                    "display_name": "Suc de préssec i raïm Hacendado",
                    "bunch_selector": false,
                    "price_instructions": {
                        "iva": 10,
                        "is_new": false,
                        "is_pack": true,
                        "pack_size": 0.2,
                        "unit_name": "brics petits",
                        "unit_size": 1.2,
                        "bulk_price": "0.72",
                        "unit_price": "0.87",
                        "approx_size": false,
                        "size_format": "l",
                        "total_units": 6,
                        "unit_selector": true,
                        "bunch_selector": false,
                        "drained_weight": null,
                        "price_decreased": false,
                        "reference_price": "0.72",
                        "min_bunch_amount": 0.0,
                        "reference_format": "L",
                        "increment_bunch_amount": 0.0
                    }
                },
                {
                    "id": "39219",
                    "limit": 1000,
                    "badges": {
                        "is_water": false,
                        "requires_age_check": false
                    },
                    "packaging": "Bric",
                    "thumbnail": "https://prod-mercadona.imgix.net/20190521/19/39219/vlc1/39219_00_01.jpg?fit=crop&h=206&w=206",
                    "display_name": "Nèctar de préssec Hacendado sense sucres afegits",
                    "bunch_selector": false,
                    "price_instructions": {
                        "iva": 10,
                        "is_new": false,
                        "is_pack": false,
                        "pack_size": null,
                        "unit_name": null,
                        "unit_size": 1.0,
                        "bulk_price": "0.55",
                        "unit_price": "0.55",
                        "approx_size": false,
                        "size_format": "l",
                        "total_units": null,
                        "unit_selector": true,
                        "bunch_selector": false,
                        "drained_weight": null,
                        "price_decreased": false,
                        "reference_price": "0.55",
                        "min_bunch_amount": 1.0,
                        "reference_format": "L",
                        "increment_bunch_amount": 1.0
                    }
                },
                {
                    "id": "39226",
                    "limit": 1000,
                    "badges": {
                        "is_water": false,
                        "requires_age_check": false
                    },
                    "packaging": "Paquet-6",
                    "thumbnail": "https://prod-mercadona.imgix.net/20190521/26/39226/vlc1/39226_00_01.jpg?fit=crop&h=206&w=206",
                    "display_name": "Nèctar de préssec Hacendado sense sucres afegits",
                    "bunch_selector": false,
                    "price_instructions": {
                        "iva": 10,
                        "is_new": false,
                        "is_pack": true,
                        "pack_size": 0.2,
                        "unit_name": "brics petits",
                        "unit_size": 1.2,
                        "bulk_price": "0.90",
                        "unit_price": "1.08",
                        "approx_size": false,
                        "size_format": "l",
                        "total_units": 6,
                        "unit_selector": true,
                        "bunch_selector": false,
                        "drained_weight": null,
                        "price_decreased": false,
                        "reference_price": "0.90",
                        "min_bunch_amount": 1.0,
                        "reference_format": "L",
                        "increment_bunch_amount": 1.0
                    }
                },
                {
                    "id": "39292",
                    "limit": 1000,
                    "badges": {
                        "is_water": false,
                        "requires_age_check": false
                    },
                    "packaging": "Bric",
                    "thumbnail": "https://prod-mercadona.imgix.net/20190521/92/39292/vlc1/39292_00_01.jpg?fit=crop&h=206&w=206",
                    "display_name": "Suc de préssec i raïm Hacendado",
                    "bunch_selector": false,
                    "price_instructions": {
                        "iva": 10,
                        "is_new": false,
                        "is_pack": false,
                        "pack_size": null,
                        "unit_name": null,
                        "unit_size": 1.0,
                        "bulk_price": "0.58",
                        "unit_price": "0.58",
                        "approx_size": false,
                        "size_format": "l",
                        "total_units": null,
                        "unit_selector": true,
                        "bunch_selector": false,
                        "drained_weight": null,
                        "price_decreased": false,
                        "reference_price": "0.58",
                        "min_bunch_amount": 0.0,
                        "reference_format": "L",
                        "increment_bunch_amount": 0.0
                    }
                },
                {
                    "id": "39305",
                    "limit": 1000,
                    "badges": {
                        "is_water": false,
                        "requires_age_check": false
                    },
                    "packaging": "Ampolla",
                    "thumbnail": "https://prod-mercadona.imgix.net/20190521/05/39305/vlc1/39305_00_02.jpg?fit=crop&h=206&w=206",
                    "display_name": "Nèctar de préssec La Verja",
                    "bunch_selector": false,
                    "price_instructions": {
                        "iva": 10,
                        "is_new": false,
                        "is_pack": false,
                        "pack_size": null,
                        "unit_name": null,
                        "unit_size": 1.5,
                        "bulk_price": "0.79",
                        "unit_price": "1.19",
                        "approx_size": false,
                        "size_format": "l",
                        "total_units": null,
                        "unit_selector": true,
                        "bunch_selector": false,
                        "drained_weight": null,
                        "price_decreased": false,
                        "reference_price": "0.79",
                        "min_bunch_amount": 0.0,
                        "reference_format": "L",
                        "increment_bunch_amount": 0.0
                    }
                },
                {
                    "id": "39106",
                    "limit": 1000,
                    "badges": {
                        "is_water": false,
                        "requires_age_check": false
                    },
                    "packaging": "Paquet-6",
                    "thumbnail": "https://prod-mercadona.imgix.net/20190521/06/39106/vlc1/39106_00_01.jpg?fit=crop&h=206&w=206",
                    "display_name": "Nèctar de pinya Hacendado sense sucres afegits",
                    "bunch_selector": false,
                    "price_instructions": {
                        "iva": 10,
                        "is_new": false,
                        "is_pack": true,
                        "pack_size": 0.2,
                        "unit_name": "brics petits",
                        "unit_size": 1.2,
                        "bulk_price": "0.96",
                        "unit_price": "1.15",
                        "approx_size": false,
                        "size_format": "l",
                        "total_units": 6,
                        "unit_selector": true,
                        "bunch_selector": false,
                        "drained_weight": null,
                        "price_decreased": false,
                        "reference_price": "0.96",
                        "min_bunch_amount": 1.0,
                        "reference_format": "L",
                        "increment_bunch_amount": 1.0
                    }
                },
                {
                    "id": "39128",
                    "limit": 1000,
                    "badges": {
                        "is_water": false,
                        "requires_age_check": false
                    },
                    "packaging": "Paquet-6",
                    "thumbnail": "https://prod-mercadona.imgix.net/20190521/28/39128/vlc1/39128_00_01.jpg?fit=crop&h=206&w=206",
                    "display_name": "Nèctar de pinya La Verja",
                    "bunch_selector": false,
                    "price_instructions": {
                        "iva": 10,
                        "is_new": false,
                        "is_pack": true,
                        "pack_size": 0.2,
                        "unit_name": "brics petits",
                        "unit_size": 1.2,
                        "bulk_price": "1.04",
                        "unit_price": "1.25",
                        "approx_size": false,
                        "size_format": "l",
                        "total_units": 6,
                        "unit_selector": true,
                        "bunch_selector": false,
                        "drained_weight": null,
                        "price_decreased": false,
                        "reference_price": "1.04",
                        "min_bunch_amount": 0.0,
                        "reference_format": "L",
                        "increment_bunch_amount": 0.0
                    }
                },
                {
                    "id": "39130",
                    "limit": 1000,
                    "badges": {
                        "is_water": false,
                        "requires_age_check": false
                    },
                    "packaging": "Paquet-6",
                    "thumbnail": "https://prod-mercadona.imgix.net/20190521/30/39130/vlc1/39130_00_01.jpg?fit=crop&h=206&w=206",
                    "display_name": "Suc de pinya i raïm Hacendado",
                    "bunch_selector": false,
                    "price_instructions": {
                        "iva": 10,
                        "is_new": false,
                        "is_pack": true,
                        "pack_size": 0.2,
                        "unit_name": "brics petits",
                        "unit_size": 1.2,
                        "bulk_price": "0.79",
                        "unit_price": "0.95",
                        "approx_size": false,
                        "size_format": "l",
                        "total_units": 6,
                        "unit_selector": true,
                        "bunch_selector": false,
                        "drained_weight": null,
                        "price_decreased": false,
                        "reference_price": "0.79",
                        "min_bunch_amount": 0.0,
                        "reference_format": "L",
                        "increment_bunch_amount": 0.0
                    }
                },
                {
                    "id": "39191",
                    "limit": 1000,
                    "badges": {
                        "is_water": false,
                        "requires_age_check": false
                    },
                    "packaging": "Bric",
                    "thumbnail": "https://prod-mercadona.imgix.net/20190521/91/39191/vlc1/39191_00_01.jpg?fit=crop&h=206&w=206",
                    "display_name": "Suc de pinya Hacendado",
                    "bunch_selector": false,
                    "price_instructions": {
                        "iva": 10,
                        "is_new": false,
                        "is_pack": false,
                        "pack_size": null,
                        "unit_name": null,
                        "unit_size": 1.0,
                        "bulk_price": "0.75",
                        "unit_price": "0.75",
                        "approx_size": false,
                        "size_format": "l",
                        "total_units": null,
                        "unit_selector": true,
                        "bunch_selector": false,
                        "drained_weight": null,
                        "price_decreased": false,
                        "reference_price": "0.75",
                        "min_bunch_amount": 0.0,
                        "reference_format": "L",
                        "increment_bunch_amount": 0.0
                    }
                },
                {
                    "id": "39946",
                    "limit": 1000,
                    "badges": {
                        "is_water": false,
                        "requires_age_check": false
                    },
                    "packaging": "Bric",
                    "thumbnail": "https://prod-mercadona.imgix.net/20190521/46/39946/vlc1/39946_00_01.jpg?fit=crop&h=206&w=206",
                    "display_name": "Suc de pinya selecció Hacendado",
                    "bunch_selector": false,
                    "price_instructions": {
                        "iva": 10,
                        "is_new": false,
                        "is_pack": false,
                        "pack_size": null,
                        "unit_name": null,
                        "unit_size": 1.0,
                        "bulk_price": "1.59",
                        "unit_price": "1.59",
                        "approx_size": false,
                        "size_format": "l",
                        "total_units": null,
                        "unit_selector": true,
                        "bunch_selector": false,
                        "drained_weight": null,
                        "price_decreased": false,
                        "reference_price": "1.59",
                        "min_bunch_amount": 1.0,
                        "reference_format": "L",
                        "increment_bunch_amount": 1.0
                    }
                },
                {
                    "id": "39100",
                    "limit": 1000,
                    "badges": {
                        "is_water": false,
                        "requires_age_check": false
                    },
                    "packaging": "Ampolla",
                    "thumbnail": "https://prod-mercadona.imgix.net/20190521/00/39100/vlc1/39100_00_02.jpg?fit=crop&h=206&w=206",
                    "display_name": "Nèctar de pinya La Verja",
                    "bunch_selector": false,
                    "price_instructions": {
                        "iva": 10,
                        "is_new": false,
                        "is_pack": false,
                        "pack_size": null,
                        "unit_name": null,
                        "unit_size": 1.5,
                        "bulk_price": "0.79",
                        "unit_price": "1.19",
                        "approx_size": false,
                        "size_format": "l",
                        "total_units": null,
                        "unit_selector": true,
                        "bunch_selector": false,
                        "drained_weight": null,
                        "price_decreased": false,
                        "reference_price": "0.79",
                        "min_bunch_amount": 0.0,
                        "reference_format": "L",
                        "increment_bunch_amount": 0.0
                    }
                },
                {
                    "id": "39910",
                    "limit": 1000,
                    "badges": {
                        "is_water": false,
                        "requires_age_check": false
                    },
                    "packaging": "Paquet-3",
                    "thumbnail": "https://prod-mercadona.imgix.net/20190521/10/39910/vlc1/39910_00_01.jpg?fit=crop&h=206&w=206",
                    "display_name": "Suc de pinya selecció Hacendado",
                    "bunch_selector": false,
                    "price_instructions": {
                        "iva": 10,
                        "is_new": false,
                        "is_pack": true,
                        "pack_size": 0.33,
                        "unit_name": "brics petits",
                        "unit_size": 0.99,
                        "bulk_price": "1.96",
                        "unit_price": "1.94",
                        "approx_size": false,
                        "size_format": "l",
                        "total_units": 3,
                        "unit_selector": true,
                        "bunch_selector": false,
                        "drained_weight": null,
                        "price_decreased": false,
                        "reference_price": "1.96",
                        "min_bunch_amount": 1.0,
                        "reference_format": "L",
                        "increment_bunch_amount": 1.0
                    }
                }
            ],
            "is_extended": false
        },
        {
            "id": 143,
            "name": "Taronja",
            "layout": 1,
            "products": [
                {
                    "id": "39010",
                    "limit": 1000,
                    "badges": {
                        "is_water": false,
                        "requires_age_check": false
                    },
                    "packaging": "Bric",
                    "thumbnail": "https://prod-mercadona.imgix.net/20190521/10/39010/vlc1/39010_00_01.jpg?fit=crop&h=206&w=206",
                    "display_name": "Suc pura taronja Hacendado",
                    "bunch_selector": false,
                    "price_instructions": {
                        "iva": 10,
                        "is_new": false,
                        "is_pack": false,
                        "pack_size": null,
                        "unit_name": null,
                        "unit_size": 1.0,
                        "bulk_price": "1.00",
                        "unit_price": "1.00",
                        "approx_size": false,
                        "size_format": "l",
                        "total_units": null,
                        "unit_selector": true,
                        "bunch_selector": false,
                        "drained_weight": null,
                        "price_decreased": false,
                        "reference_price": "1.00",
                        "min_bunch_amount": 1.0,
                        "reference_format": "L",
                        "increment_bunch_amount": 1.0
                    }
                },
                {
                    "id": "39032",
                    "limit": 1000,
                    "badges": {
                        "is_water": false,
                        "requires_age_check": false
                    },
                    "packaging": "Bric",
                    "thumbnail": "https://prod-mercadona.imgix.net/20190521/32/39032/vlc1/39032_00_01.jpg?fit=crop&h=206&w=206",
                    "display_name": "Suc pura taronja amb polpa Hacendado",
                    "bunch_selector": false,
                    "price_instructions": {
                        "iva": 10,
                        "is_new": false,
                        "is_pack": false,
                        "pack_size": null,
                        "unit_name": null,
                        "unit_size": 1.0,
                        "bulk_price": "1.00",
                        "unit_price": "1.00",
                        "approx_size": false,
                        "size_format": "l",
                        "total_units": null,
                        "unit_selector": true,
                        "bunch_selector": false,
                        "drained_weight": null,
                        "price_decreased": false,
                        "reference_price": "1.00",
                        "min_bunch_amount": 1.0,
                        "reference_format": "L",
                        "increment_bunch_amount": 1.0
                    }
                },
                {
                    "id": "39919",
                    "limit": 1000,
                    "badges": {
                        "is_water": false,
                        "requires_age_check": false
                    },
                    "packaging": "Bric",
                    "thumbnail": "https://prod-mercadona.imgix.net/20190521/19/39919/vlc1/39919_00_01.jpg?fit=crop&h=206&w=206",
                    "display_name": "Suc de taronja selecció Hacendado",
                    "bunch_selector": false,
                    "price_instructions": {
                        "iva": 10,
                        "is_new": false,
                        "is_pack": false,
                        "pack_size": null,
                        "unit_name": null,
                        "unit_size": 1.0,
                        "bulk_price": "1.30",
                        "unit_price": "1.30",
                        "approx_size": false,
                        "size_format": "l",
                        "total_units": null,
                        "unit_selector": true,
                        "bunch_selector": false,
                        "drained_weight": null,
                        "price_decreased": false,
                        "reference_price": "1.30",
                        "min_bunch_amount": 1.0,
                        "reference_format": "L",
                        "increment_bunch_amount": 1.0
                    }
                },
                {
                    "id": "39090",
                    "limit": 1000,
                    "badges": {
                        "is_water": false,
                        "requires_age_check": false
                    },
                    "packaging": "Bric",
                    "thumbnail": "https://prod-mercadona.imgix.net/20190521/90/39090/vlc1/39090_00_01.jpg?fit=crop&h=206&w=206",
                    "display_name": "Suc de taronja Hacendado",
                    "bunch_selector": false,
                    "price_instructions": {
                        "iva": 10,
                        "is_new": false,
                        "is_pack": false,
                        "pack_size": null,
                        "unit_name": null,
                        "unit_size": 1.0,
                        "bulk_price": "0.70",
                        "unit_price": "0.70",
                        "approx_size": false,
                        "size_format": "l",
                        "total_units": null,
                        "unit_selector": true,
                        "bunch_selector": false,
                        "drained_weight": null,
                        "price_decreased": false,
                        "reference_price": "0.70",
                        "min_bunch_amount": 0.0,
                        "reference_format": "L",
                        "increment_bunch_amount": 0.0
                    }
                },
                {
                    "id": "39127",
                    "limit": 1000,
                    "badges": {
                        "is_water": false,
                        "requires_age_check": false
                    },
                    "packaging": "Bric",
                    "thumbnail": "https://prod-mercadona.imgix.net/20190521/27/39127/vlc1/39127_00_01.jpg?fit=crop&h=206&w=206",
                    "display_name": "Beguda Florida Hacendado",
                    "bunch_selector": false,
                    "price_instructions": {
                        "iva": 10,
                        "is_new": false,
                        "is_pack": false,
                        "pack_size": null,
                        "unit_name": null,
                        "unit_size": 2.0,
                        "bulk_price": "0.50",
                        "unit_price": "1.00",
                        "approx_size": false,
                        "size_format": "l",
                        "total_units": null,
                        "unit_selector": true,
                        "bunch_selector": false,
                        "drained_weight": null,
                        "price_decreased": false,
                        "reference_price": "0.50",
                        "min_bunch_amount": 0.0,
                        "reference_format": "L",
                        "increment_bunch_amount": 0.0
                    }
                },
                {
                    "id": "39019",
                    "limit": 1000,
                    "badges": {
                        "is_water": false,
                        "requires_age_check": false
                    },
                    "packaging": "Bric",
                    "thumbnail": "https://prod-mercadona.imgix.net/20190521/19/39019/vlc1/39019_00_01.jpg?fit=crop&h=206&w=206",
                    "display_name": "Nèctar de taronja Hacendado sense sucres afegits",
                    "bunch_selector": false,
                    "price_instructions": {
                        "iva": 10,
                        "is_new": false,
                        "is_pack": false,
                        "pack_size": null,
                        "unit_name": null,
                        "unit_size": 1.0,
                        "bulk_price": "0.55",
                        "unit_price": "0.55",
                        "approx_size": false,
                        "size_format": "l",
                        "total_units": null,
                        "unit_selector": true,
                        "bunch_selector": false,
                        "drained_weight": null,
                        "price_decreased": false,
                        "reference_price": "0.55",
                        "min_bunch_amount": 1.0,
                        "reference_format": "L",
                        "increment_bunch_amount": 1.0
                    }
                },
                {
                    "id": "39012",
                    "limit": 1000,
                    "badges": {
                        "is_water": false,
                        "requires_age_check": false
                    },
                    "packaging": "Paquet-6",
                    "thumbnail": "https://prod-mercadona.imgix.net/20190521/12/39012/vlc1/39012_00_01.jpg?fit=crop&h=206&w=206",
                    "display_name": "Nèctar de taronja Hacendado sense sucres afegits",
                    "bunch_selector": false,
                    "price_instructions": {
                        "iva": 10,
                        "is_new": false,
                        "is_pack": true,
                        "pack_size": 0.2,
                        "unit_name": "brics petits",
                        "unit_size": 1.2,
                        "bulk_price": "0.90",
                        "unit_price": "1.08",
                        "approx_size": false,
                        "size_format": "l",
                        "total_units": 6,
                        "unit_selector": true,
                        "bunch_selector": false,
                        "drained_weight": null,
                        "price_decreased": false,
                        "reference_price": "0.90",
                        "min_bunch_amount": 1.0,
                        "reference_format": "L",
                        "increment_bunch_amount": 1.0
                    }
                },
                {
                    "id": "5250",
                    "limit": 1000,
                    "badges": {
                        "is_water": false,
                        "requires_age_check": false
                    },
                    "packaging": "Ampolla",
                    "thumbnail": "https://prod-mercadona.imgix.net/20190521/50/5250/vlc1/5250_00_02.jpg?fit=crop&h=206&w=206",
                    "display_name": "Suc de taronja acabat d'esprémer Hacendado",
                    "bunch_selector": false,
                    "price_instructions": {
                        "iva": 10,
                        "is_new": false,
                        "is_pack": false,
                        "pack_size": null,
                        "unit_name": null,
                        "unit_size": 0.25,
                        "bulk_price": "3.96",
                        "unit_price": "0.99",
                        "approx_size": false,
                        "size_format": "l",
                        "total_units": null,
                        "unit_selector": true,
                        "bunch_selector": false,
                        "drained_weight": null,
                        "price_decreased": false,
                        "reference_price": "3.96",
                        "min_bunch_amount": 1.0,
                        "reference_format": "L",
                        "increment_bunch_amount": 1.0
                    }
                },
                {
                    "id": "39033",
                    "limit": 1000,
                    "badges": {
                        "is_water": false,
                        "requires_age_check": false
                    },
                    "packaging": "Paquet-6",
                    "thumbnail": "https://prod-mercadona.imgix.net/20190521/33/39033/vlc1/39033_00_01.jpg?fit=crop&h=206&w=206",
                    "display_name": "Suc pura taronja Hacendado",
                    "bunch_selector": false,
                    "price_instructions": {
                        "iva": 10,
                        "is_new": false,
                        "is_pack": true,
                        "pack_size": 0.2,
                        "unit_name": "brics petits",
                        "unit_size": 1.2,
                        "bulk_price": "1.58",
                        "unit_price": "1.90",
                        "approx_size": false,
                        "size_format": "l",
                        "total_units": 6,
                        "unit_selector": true,
                        "bunch_selector": false,
                        "drained_weight": null,
                        "price_decreased": false,
                        "reference_price": "1.58",
                        "min_bunch_amount": 1.0,
                        "reference_format": "L",
                        "increment_bunch_amount": 1.0
                    }
                },
                {
                    "id": "39908",
                    "limit": 1000,
                    "badges": {
                        "is_water": false,
                        "requires_age_check": false
                    },
                    "packaging": "Paquet-3",
                    "thumbnail": "https://prod-mercadona.imgix.net/20190521/08/39908/vlc1/39908_00_01.jpg?fit=crop&h=206&w=206",
                    "display_name": "Suc de taronja selecció Hacendado",
                    "bunch_selector": false,
                    "price_instructions": {
                        "iva": 10,
                        "is_new": false,
                        "is_pack": true,
                        "pack_size": 0.33,
                        "unit_name": "brics petits",
                        "unit_size": 0.99,
                        "bulk_price": "1.80",
                        "unit_price": "1.78",
                        "approx_size": false,
                        "size_format": "l",
                        "total_units": 3,
                        "unit_selector": true,
                        "bunch_selector": false,
                        "drained_weight": null,
                        "price_decreased": false,
                        "reference_price": "1.80",
                        "min_bunch_amount": 1.0,
                        "reference_format": "L",
                        "increment_bunch_amount": 1.0
                    }
                },
                {
                    "id": "39018",
                    "limit": 1000,
                    "badges": {
                        "is_water": false,
                        "requires_age_check": false
                    },
                    "packaging": "Paquet-6",
                    "thumbnail": "https://prod-mercadona.imgix.net/20190521/18/39018/vlc1/39018_00_01.jpg?fit=crop&h=206&w=206",
                    "display_name": "Suc de taronja Hacendado",
                    "bunch_selector": false,
                    "price_instructions": {
                        "iva": 10,
                        "is_new": false,
                        "is_pack": true,
                        "pack_size": 0.2,
                        "unit_name": "brics petits",
                        "unit_size": 1.2,
                        "bulk_price": "0.91",
                        "unit_price": "1.09",
                        "approx_size": false,
                        "size_format": "l",
                        "total_units": 6,
                        "unit_selector": true,
                        "bunch_selector": false,
                        "drained_weight": null,
                        "price_decreased": false,
                        "reference_price": "0.91",
                        "min_bunch_amount": 0.0,
                        "reference_format": "L",
                        "increment_bunch_amount": 0.0
                    }
                },
                {
                    "id": "39924",
                    "limit": 1000,
                    "badges": {
                        "is_water": false,
                        "requires_age_check": false
                    },
                    "packaging": "Bric",
                    "thumbnail": "https://prod-mercadona.imgix.net/20190521/24/39924/vlc1/39924_00_01.jpg?fit=crop&h=206&w=206",
                    "display_name": "Suc de clementina selecció Hacendado",
                    "bunch_selector": false,
                    "price_instructions": {
                        "iva": 10,
                        "is_new": false,
                        "is_pack": false,
                        "pack_size": null,
                        "unit_name": null,
                        "unit_size": 1.0,
                        "bulk_price": "1.30",
                        "unit_price": "1.30",
                        "approx_size": false,
                        "size_format": "l",
                        "total_units": null,
                        "unit_selector": true,
                        "bunch_selector": false,
                        "drained_weight": null,
                        "price_decreased": false,
                        "reference_price": "1.30",
                        "min_bunch_amount": 1.0,
                        "reference_format": "L",
                        "increment_bunch_amount": 1.0
                    }
                },
                {
                    "id": "3362",
                    "limit": 1000,
                    "badges": {
                        "is_water": false,
                        "requires_age_check": false
                    },
                    "packaging": "Ampolla",
                    "thumbnail": "https://prod-mercadona.imgix.net/20190521/62/3362/vlc1/3362_00_02.jpg?fit=crop&h=206&w=206",
                    "display_name": "Suc de taronja acabat d'esprémer Hacendado",
                    "bunch_selector": false,
                    "price_instructions": {
                        "iva": 10,
                        "is_new": false,
                        "is_pack": false,
                        "pack_size": null,
                        "unit_name": null,
                        "unit_size": 1.0,
                        "bulk_price": "2.89",
                        "unit_price": "2.89",
                        "approx_size": false,
                        "size_format": "l",
                        "total_units": null,
                        "unit_selector": true,
                        "bunch_selector": false,
                        "drained_weight": null,
                        "price_decreased": false,
                        "reference_price": "2.89",
                        "min_bunch_amount": 1.0,
                        "reference_format": "L",
                        "increment_bunch_amount": 1.0
                    }
                },
                {
                    "id": "3363",
                    "limit": 1000,
                    "badges": {
                        "is_water": false,
                        "requires_age_check": false
                    },
                    "packaging": "Ampolla",
                    "thumbnail": "https://prod-mercadona.imgix.net/20190521/63/3363/vlc1/3363_00_02.jpg?fit=crop&h=206&w=206",
                    "display_name": "Suc de taronja acabat d'esprémer Hacendado",
                    "bunch_selector": false,
                    "price_instructions": {
                        "iva": 10,
                        "is_new": false,
                        "is_pack": false,
                        "pack_size": null,
                        "unit_name": null,
                        "unit_size": 0.5,
                        "bulk_price": "3.80",
                        "unit_price": "1.90",
                        "approx_size": false,
                        "size_format": "l",
                        "total_units": null,
                        "unit_selector": true,
                        "bunch_selector": false,
                        "drained_weight": null,
                        "price_decreased": false,
                        "reference_price": "3.80",
                        "min_bunch_amount": 1.0,
                        "reference_format": "L",
                        "increment_bunch_amount": 1.0
                    }
                }
            ],
            "is_extended": false
        },
        {
            "id": 98,
            "name": "Tomàquet i altres sabors",
            "layout": 1,
            "products": [
                {
                    "id": "39643",
                    "limit": 1000,
                    "badges": {
                        "is_water": false,
                        "requires_age_check": false
                    },
                    "packaging": "Bric",
                    "thumbnail": "https://prod-mercadona.imgix.net/20190521/43/39643/vlc1/39643_00_01.jpg?fit=crop&h=206&w=206",
                    "display_name": "Nèctar de maracujà Hacendado fruita de la passió, mango, raïm i poma",
                    "bunch_selector": false,
                    "price_instructions": {
                        "iva": 10,
                        "is_new": false,
                        "is_pack": false,
                        "pack_size": null,
                        "unit_name": null,
                        "unit_size": 1.0,
                        "bulk_price": "0.70",
                        "unit_price": "0.70",
                        "approx_size": false,
                        "size_format": "l",
                        "total_units": null,
                        "unit_selector": true,
                        "bunch_selector": false,
                        "drained_weight": null,
                        "price_decreased": false,
                        "reference_price": "0.70",
                        "min_bunch_amount": 1.0,
                        "reference_format": "L",
                        "increment_bunch_amount": 1.0
                    }
                },
                {
                    "id": "39404",
                    "limit": 1000,
                    "badges": {
                        "is_water": false,
                        "requires_age_check": false
                    },
                    "packaging": "Paquet-6",
                    "thumbnail": "https://prod-mercadona.imgix.net/20190521/04/39404/vlc1/39404_00_02.jpg?fit=crop&h=206&w=206",
                    "display_name": "Suc de poma Hacendado",
                    "bunch_selector": false,
                    "price_instructions": {
                        "iva": 10,
                        "is_new": false,
                        "is_pack": true,
                        "pack_size": 0.2,
                        "unit_name": "brics petits",
                        "unit_size": 1.2,
                        "bulk_price": "0.88",
                        "unit_price": "1.05",
                        "approx_size": false,
                        "size_format": "l",
                        "total_units": 6,
                        "unit_selector": true,
                        "bunch_selector": false,
                        "drained_weight": null,
                        "price_decreased": false,
                        "reference_price": "0.88",
                        "min_bunch_amount": 0.0,
                        "reference_format": "L",
                        "increment_bunch_amount": 0.0
                    }
                },
                {
                    "id": "39628",
                    "limit": 1000,
                    "badges": {
                        "is_water": false,
                        "requires_age_check": false
                    },
                    "packaging": "Bric",
                    "thumbnail": "https://prod-mercadona.imgix.net/20190521/28/39628/vlc1/39628_00_02.jpg?fit=crop&h=206&w=206",
                    "display_name": "Nèctar de pera Hacendado sense sucres afegits",
                    "bunch_selector": false,
                    "price_instructions": {
                        "iva": 10,
                        "is_new": false,
                        "is_pack": false,
                        "pack_size": null,
                        "unit_name": null,
                        "unit_size": 1.0,
                        "bulk_price": "0.90",
                        "unit_price": "0.90",
                        "approx_size": false,
                        "size_format": "l",
                        "total_units": null,
                        "unit_selector": true,
                        "bunch_selector": false,
                        "drained_weight": null,
                        "price_decreased": false,
                        "reference_price": "0.90",
                        "min_bunch_amount": 0.0,
                        "reference_format": "L",
                        "increment_bunch_amount": 0.0
                    }
                },
                {
                    "id": "39696",
                    "limit": 1000,
                    "badges": {
                        "is_water": false,
                        "requires_age_check": false
                    },
                    "packaging": "Bric",
                    "thumbnail": "https://prod-mercadona.imgix.net/20190521/96/39696/vlc1/39696_00_01.jpg?fit=crop&h=206&w=206",
                    "display_name": "Suc d'aranja Hacendado",
                    "bunch_selector": false,
                    "price_instructions": {
                        "iva": 10,
                        "is_new": false,
                        "is_pack": false,
                        "pack_size": null,
                        "unit_name": null,
                        "unit_size": 1.0,
                        "bulk_price": "1.30",
                        "unit_price": "1.30",
                        "approx_size": false,
                        "size_format": "l",
                        "total_units": null,
                        "unit_selector": true,
                        "bunch_selector": false,
                        "drained_weight": null,
                        "price_decreased": false,
                        "reference_price": "1.30",
                        "min_bunch_amount": 0.0,
                        "reference_format": "L",
                        "increment_bunch_amount": 0.0
                    }
                },
                {
                    "id": "39132",
                    "limit": 1000,
                    "badges": {
                        "is_water": false,
                        "requires_age_check": false
                    },
                    "packaging": "Bric",
                    "thumbnail": "https://prod-mercadona.imgix.net/20190521/32/39132/vlc1/39132_00_01.jpg?fit=crop&h=206&w=206",
                    "display_name": "Nèctar de mango Hacendado sense sucres afegits",
                    "bunch_selector": false,
                    "price_instructions": {
                        "iva": 10,
                        "is_new": false,
                        "is_pack": false,
                        "pack_size": null,
                        "unit_name": null,
                        "unit_size": 1.0,
                        "bulk_price": "0.76",
                        "unit_price": "0.76",
                        "approx_size": false,
                        "size_format": "l",
                        "total_units": null,
                        "unit_selector": true,
                        "bunch_selector": false,
                        "drained_weight": null,
                        "price_decreased": false,
                        "reference_price": "0.76",
                        "min_bunch_amount": 0.0,
                        "reference_format": "L",
                        "increment_bunch_amount": 0.0
                    }
                },
                {
                    "id": "39403",
                    "limit": 1000,
                    "badges": {
                        "is_water": false,
                        "requires_age_check": false
                    },
                    "packaging": "Bric",
                    "thumbnail": "https://prod-mercadona.imgix.net/20190521/03/39403/vlc1/39403_00_01.jpg?fit=crop&h=206&w=206",
                    "display_name": "Suc de poma Hacendado",
                    "bunch_selector": false,
                    "price_instructions": {
                        "iva": 10,
                        "is_new": false,
                        "is_pack": false,
                        "pack_size": null,
                        "unit_name": null,
                        "unit_size": 1.0,
                        "bulk_price": "0.59",
                        "unit_price": "0.59",
                        "approx_size": false,
                        "size_format": "l",
                        "total_units": null,
                        "unit_selector": true,
                        "bunch_selector": false,
                        "drained_weight": null,
                        "price_decreased": false,
                        "reference_price": "0.59",
                        "min_bunch_amount": 0.0,
                        "reference_format": "L",
                        "increment_bunch_amount": 0.0
                    }
                },
                {
                    "id": "39604",
                    "limit": 1000,
                    "badges": {
                        "is_water": false,
                        "requires_age_check": false
                    },
                    "packaging": "Bric",
                    "thumbnail": "https://prod-mercadona.imgix.net/20190521/04/39604/vlc1/39604_00_01.jpg?fit=crop&h=206&w=206",
                    "display_name": "Nèctar d'aranja Hacendado sense sucres afegits",
                    "bunch_selector": false,
                    "price_instructions": {
                        "iva": 10,
                        "is_new": false,
                        "is_pack": false,
                        "pack_size": null,
                        "unit_name": null,
                        "unit_size": 1.0,
                        "bulk_price": "1.00",
                        "unit_price": "1.00",
                        "approx_size": false,
                        "size_format": "l",
                        "total_units": null,
                        "unit_selector": true,
                        "bunch_selector": false,
                        "drained_weight": null,
                        "price_decreased": false,
                        "reference_price": "1.00",
                        "min_bunch_amount": 0.0,
                        "reference_format": "L",
                        "increment_bunch_amount": 0.0
                    }
                },
                {
                    "id": "39659",
                    "limit": 1000,
                    "badges": {
                        "is_water": false,
                        "requires_age_check": false
                    },
                    "packaging": "Bric",
                    "thumbnail": "https://prod-mercadona.imgix.net/20190521/59/39659/vlc1/39659_00_01.jpg?fit=crop&h=206&w=206",
                    "display_name": "Nèctar guaiaba Hacendado sense sucres afegits",
                    "bunch_selector": false,
                    "price_instructions": {
                        "iva": 10,
                        "is_new": false,
                        "is_pack": false,
                        "pack_size": null,
                        "unit_name": null,
                        "unit_size": 1.0,
                        "bulk_price": "0.90",
                        "unit_price": "0.90",
                        "approx_size": false,
                        "size_format": "l",
                        "total_units": null,
                        "unit_selector": true,
                        "bunch_selector": false,
                        "drained_weight": null,
                        "price_decreased": false,
                        "reference_price": "0.90",
                        "min_bunch_amount": 0.0,
                        "reference_format": "L",
                        "increment_bunch_amount": 0.0
                    }
                },
                {
                    "id": "39922",
                    "limit": 1000,
                    "badges": {
                        "is_water": false,
                        "requires_age_check": false
                    },
                    "packaging": "Bric",
                    "thumbnail": "https://prod-mercadona.imgix.net/20190521/22/39922/vlc1/39922_00_01.jpg?fit=crop&h=206&w=206",
                    "display_name": "Suc de poma selecció Hacendado",
                    "bunch_selector": false,
                    "price_instructions": {
                        "iva": 10,
                        "is_new": false,
                        "is_pack": false,
                        "pack_size": null,
                        "unit_name": null,
                        "unit_size": 1.0,
                        "bulk_price": "1.36",
                        "unit_price": "1.36",
                        "approx_size": false,
                        "size_format": "l",
                        "total_units": null,
                        "unit_selector": true,
                        "bunch_selector": false,
                        "drained_weight": null,
                        "price_decreased": false,
                        "reference_price": "1.36",
                        "min_bunch_amount": 1.0,
                        "reference_format": "L",
                        "increment_bunch_amount": 1.0
                    }
                },
                {
                    "id": "39394",
                    "limit": 1000,
                    "badges": {
                        "is_water": false,
                        "requires_age_check": false
                    },
                    "packaging": "Bric",
                    "thumbnail": "https://prod-mercadona.imgix.net/20190521/94/39394/vlc1/39394_00_01.jpg?fit=crop&h=206&w=206",
                    "display_name": "Suc de tomàquet Hacendado",
                    "bunch_selector": false,
                    "price_instructions": {
                        "iva": 10,
                        "is_new": false,
                        "is_pack": false,
                        "pack_size": null,
                        "unit_name": null,
                        "unit_size": 1.0,
                        "bulk_price": "0.65",
                        "unit_price": "0.65",
                        "approx_size": false,
                        "size_format": "l",
                        "total_units": null,
                        "unit_selector": true,
                        "bunch_selector": false,
                        "drained_weight": null,
                        "price_decreased": false,
                        "reference_price": "0.65",
                        "min_bunch_amount": 0.0,
                        "reference_format": "L",
                        "increment_bunch_amount": 0.0
                    }
                },
                {
                    "id": "39395",
                    "limit": 1000,
                    "badges": {
                        "is_water": false,
                        "requires_age_check": false
                    },
                    "packaging": "Paquet-4",
                    "thumbnail": "https://prod-mercadona.imgix.net/20190521/95/39395/vlc1/39395_00_01.jpg?fit=crop&h=206&w=206",
                    "display_name": "Suc de tomàquet Hacendado",
                    "bunch_selector": false,
                    "price_instructions": {
                        "iva": 10,
                        "is_new": false,
                        "is_pack": true,
                        "pack_size": 0.2,
                        "unit_name": "ampolles",
                        "unit_size": 0.8,
                        "bulk_price": "1.44",
                        "unit_price": "1.15",
                        "approx_size": false,
                        "size_format": "l",
                        "total_units": 4,
                        "unit_selector": true,
                        "bunch_selector": false,
                        "drained_weight": null,
                        "price_decreased": false,
                        "reference_price": "1.44",
                        "min_bunch_amount": 1.0,
                        "reference_format": "L",
                        "increment_bunch_amount": 1.0
                    }
                },
                {
                    "id": "39301",
                    "limit": 1000,
                    "badges": {
                        "is_water": false,
                        "requires_age_check": false
                    },
                    "packaging": "Ampolla",
                    "thumbnail": "https://prod-mercadona.imgix.net/20190521/01/39301/vlc1/39301_00_02.jpg?fit=crop&h=206&w=206",
                    "display_name": "Suc de tomàquet Sanflavino",
                    "bunch_selector": false,
                    "price_instructions": {
                        "iva": 10,
                        "is_new": false,
                        "is_pack": false,
                        "pack_size": null,
                        "unit_name": null,
                        "unit_size": 0.6,
                        "bulk_price": "3.32",
                        "unit_price": "1.99",
                        "approx_size": false,
                        "size_format": "l",
                        "total_units": null,
                        "unit_selector": true,
                        "bunch_selector": false,
                        "drained_weight": null,
                        "price_decreased": false,
                        "reference_price": "3.32",
                        "min_bunch_amount": 0.0,
                        "reference_format": "L",
                        "increment_bunch_amount": 0.0
                    }
                },
                {
                    "id": "39922",
                    "limit": 1000,
                    "badges": {
                        "is_water": false,
                        "requires_age_check": false
                    },
                    "packaging": "Bric",
                    "thumbnail": "https://prod-mercadona.imgix.net/20190521/22/39922/vlc1/39922_00_01.jpg?fit=crop&h=206&w=206",
                    "display_name": "Suc de poma selecció Hacendado",
                    "bunch_selector": false,
                    "price_instructions": {
                        "iva": 10,
                        "is_new": false,
                        "is_pack": false,
                        "pack_size": null,
                        "unit_name": null,
                        "unit_size": 1.0,
                        "bulk_price": "1.36",
                        "unit_price": "1.36",
                        "approx_size": false,
                        "size_format": "l",
                        "total_units": null,
                        "unit_selector": true,
                        "bunch_selector": false,
                        "drained_weight": null,
                        "price_decreased": false,
                        "reference_price": "1.36",
                        "min_bunch_amount": 1.0,
                        "reference_format": "L",
                        "increment_bunch_amount": 1.0
                    }
                },
                {
                    "id": "39390",
                    "limit": 1000,
                    "badges": {
                        "is_water": false,
                        "requires_age_check": false
                    },
                    "packaging": "Ampolla",
                    "thumbnail": "https://prod-mercadona.imgix.net/20190521/90/39390/vlc1/39390_00_02.jpg?fit=crop&h=206&w=206",
                    "display_name": "Suc de tomàquet picant Big Tom",
                    "bunch_selector": false,
                    "price_instructions": {
                        "iva": 10,
                        "is_new": false,
                        "is_pack": false,
                        "pack_size": null,
                        "unit_name": null,
                        "unit_size": 0.25,
                        "bulk_price": "6.60",
                        "unit_price": "1.65",
                        "approx_size": false,
                        "size_format": "l",
                        "total_units": null,
                        "unit_selector": true,
                        "bunch_selector": false,
                        "drained_weight": null,
                        "price_decreased": false,
                        "reference_price": "6.60",
                        "min_bunch_amount": 1.0,
                        "reference_format": "L",
                        "increment_bunch_amount": 1.0
                    }
                }
            ],
            "is_extended": false
        }
    ],
    "is_extended": false
}